2201 3554
252 1081 288 1122 1.
311 1077 543 1135 Bonisacins
569 1085 634 1135 pp.
658 1076 723 1119 IX
745 1076 788 1118 de
822 1075 963 1131 litteris⁷
986 1075 1087 1118 sal-vi
1109 1075 1317 1117 conductus
1343 1074 1517 1117 Iohanni
1540 1075 1646 1117 Gho-

160 1149 264 1193 lardi
296 1149 500 1192 mercatori
531 1147 692 1190 Lucano
724 1147 764 1188 in
798 1146 1005 1188 Poloniam
1038 1146 1146 1187 ennii
1173 1145 1359 1202 providet.

910 1265 1069 1316 Romae,
1102 1264 1127 1306 6
1160 1263 1396 1306 Novembris
1432 1276 1558 1319 1391.

251 1362 487 1406 Bonifacius
521 1373 596 1404 etc.
632 1359 948 1403 Venerabilibus
981 1358 1173 1402 fratribus
1207 1358 1460 1416 patriarchis,
1494 1359 1650 1401 archie-

162 1435 341 1493 piscopis
373 1445 413 1477 et
438 1433 642 1489 episcopis
675 1443 751 1474 etc.
786 1432 897 1474 Cum
931 1430 1104 1474 dilectus
1137 1431 1246 1472 filius
1285 1431 1530 1473 Iohannes
1564 1446 1651 1473 ma-

161 1506 278 1564 gistri
326 1502 568 1549 Gholardi
610 1503 660 1546 de
700 1503 810 1545 Luca
855 1502 904 1544 ad
938 1517 1112 1559 regnum
1146 1502 1319 1543 Polonie
1355 1513 1394 1543 et
1431 1502 1651 1544 nonnullas

162 1577 259 1620 alias
290 1586 424 1633 partes
456 1589 530 1632 pro
557 1574 768 1617 nonnullis
801 1574 954 1616 nostris
981 1584 1020 1615 et
1054 1573 1242 1616 Romane
1269 1572 1440 1614 ecclesie
1467 1573 1651 1628 negociis

163 1646 317 1691 ibidem
350 1645 590 1704 peragendis
623 1644 672 1688 de
706 1645 900 1688 mandato
932 1655 1076 1687 nostro
1104 1644 1401 1701 presentialiter
1434 1645 1484 1686 sit
1516 1659 1653 1686 acces-

163 1733 283 1762 surus
325 1729 364 1760 et
407 1716 559 1760 ibidem
600 1716 738 1773 aliquo
770 1726 958 1772 tempore
1000 1730 1310 1772 permansuruS‚
1344 1730 1420 1757 nos
1465 1715 1652 1757 volentes

162 1791 301 1848 ipsum
334 1804 442 1832 cum
476 1803 558 1830 sex
590 1787 744 1830 sociis
777 1798 815 1829 et
850 1785 1120 1829 familiaribus
1153 1787 1238 1828 suis
1271 1785 1421 1838 eundo,
1445 1785 1591 1828 stando
1614 1797 1652 1828 et

163 1859 374 1904 redeundo
406 1859 524 1916 plena
558 1851 775 1901 securitate
806 1856 998 1915 gaudere,
1027 1858 1339 1899 universitatem
1371 1868 1552 1899 vestram
1588 1872 1655 1899 ro-

163 1946 312 1989 gamus
344 1941 384 1973 et
415 1929 631 1973 hortamur
663 1940 829 1981 attente,
857 1939 1058 1986 quatenus
1087 1927 1264 1970 eundem
1299 1927 1529 1970 Iohannem
1557 1943 1652 1970 cum

165 2003 304 2055 sociis,
327 2000 596 2044 familiaribus
617 2000 873 2057 equitaturis,
892 2010 931 2041 et
950 1998 1070 2041 rebus
1089 1997 1343 2049 huiusmodi,
1363 2013 1460 2040 cum
1477 2013 1548 2055 per
1565 2013 1657 2055 par-

165 2084 226 2116 tes
243 2071 319 2132 [et]
336 2073 426 2115 loca
444 2082 580 2113 vestra
602 2071 820 2113 transitum
845 2069 999 2122 fecerit,
1018 2068 1194 2126 benigne
1220 2069 1558 2112 recomendatum
1586 2069 1656 2111 ha-

166 2143 323 2195 bentes,
355 2142 511 2186 nullam
538 2143 574 2185 ei
607 2143 649 2184 in
675 2142 863 2198 personis
890 2152 929 2183 et
955 2139 1075 2183 bonis
1102 2141 1230 2197 ipsius
1257 2139 1440 2182 inferatis
1463 2141 1655 2183 iniuriam

168 2214 233 2258 vel
259 2213 463 2257 offensam
484 2221 567 2245 -—-¹
598 2211 668 2255 sed
695 2213 754 2255 eis
781 2213 917 2269 potius
939 2211 989 2254 de
1017 2226 1163 2254 securo
1191 2210 1413 2263 conductu,
1437 2211 1469 2252 si
1494 2226 1515 2253 a
1537 2209 1657 2253 vobis

167 2285 287 2328 illum
310 2285 484 2342 petierit,
508 2283 632 2326 libere
654 2283 872 2340 providere
896 2297 970 2339 pro
994 2283 1123 2325 nostri
1146 2293 1185 2324 et
1206 2281 1432 2338 apostolice
1456 2281 1572 2324 Sedis
1596 2296 1659 2324 re-

169 2355 353 2399 verentia
384 2353 594 2397 studeatis.
622 2381 678 2385 —
706 2352 971 2396 Presentibus
1004 2364 1097 2410 post
1130 2369 1259 2395 unum
1293 2368 1448 2395 annum
1485 2353 1658 2394 minime

169 2426 369 2470 valituris.
397 2426 552 2469 Datum
586 2426 722 2469 Rome
755 2423 859 2482 apud
893 2435 1082 2466 sanctum
1117 2425 1288 2466 Petrum
1315 2423 1414 2465 VIII
1447 2421 1538 2465 idus
1571 2423 1661 2465 No-

170 2496 353 2540 vembris
385 2495 649 2554 pontificatus
682 2497 812 2538 nostri
845 2510 955 2538 anno
988 2494 1184 2538 secundo.

264 2591 352 2636 Reg.
376 2590 455 2624 Vat.
482 2601 542 2635 313
573 2589 592 2623 f.
622 2586 706 2635 196¹.
733 2610 778 2614 —-
804 2579 845 2622 In
863 2589 950 2634 fine:
977 2589 1013 2622 P.
1041 2589 1092 2622 De
1122 2589 1243 2622 Bosco.
1266 2609 1311 2612 —
1334 2588 1374 2621 H.
1406 2588 1593 2634 Berugoys.
1617 2608 1661 2612 —

172 2650 225 2684 De
250 2650 356 2684 curia.

263 2769 302 2810 2.
330 2765 561 2823 Bonifacins
582 2774 646 2823 pp.
674 2765 740 2808 IX
772 2765 945 2808 Iohanni
975 2764 1106 2807 abbati
1132 2764 1176 2806 de
1206 2763 1402 2806 Carraria
1431 2771 1463 2805 et
1496 2762 1664 2820 Bnylar—

172 2836 281 2890 diuo,
302 2837 487 2880 canonico
518 2836 555 2878 V
554 2838 764 2889 incentim),
788 2834 1015 2892 apostolicae
1037 2835 1147 2877 Sedis
1174 2835 1339 2887 nuntiis,
1363 2834 1540 2885 mandat,
1566 2848 1664 2891 qna-

272 2960 282 2978 ¹
310 2952 413 2987 Linea
441 2954 475 2986 in
500 2957 649 2987 contextu
675 2951 840 2997 significat
866 2952 1071 2985 omissionem
1091 2950 1271 2995 formulae.

325 3070 338 3094 1
