<?xml version="1.0" encoding="UTF-8"?>
<!DOCTYPE html PUBLIC "-//W3C//DTD XHTML 1.0 Transitional//EN"
    "http://www.w3.org/TR/xhtml1/DTD/xhtml1-transitional.dtd">
<html xmlns="http://www.w3.org/1999/xhtml" xml:lang="en" lang="en">
 <head>
  <title>
</title>
<meta http-equiv="Content-Type" content="text/html;charset=utf-8" />
  <meta name='ocr-system' content='tesseract 3.04.00' />
  <meta name='ocr-capabilities' content='ocr_page ocr_carea ocr_par ocr_line ocrx_word'/>
</head>
<body>
  <div class='ocr_page' id='page_1' title='image "./italiamercatoria00ptanuoft/italiamercatoria00ptanuoft_0095.png"; bbox 0 0 2201 3554; ppageno 0'>
   <div class='ocr_carea' id='block_1_1' title="bbox 108 409 1661 2812">
    <p class='ocr_par' dir='ltr' id='par_1_1' title="bbox 168 409 1661 1177">
     <span class='ocr_line' id='line_1_1' title="bbox 175 409 1660 468; baseline 0.001 -15"><span class='ocrx_word' id='word_1_1' title='bbox 175 411 311 468; x_wconf 85' lang='lat' dir='ltr'>grossi</span> <span class='ocrx_word' id='word_1_2' title='bbox 336 424 380 465; x_wconf 80' lang='lat'>15</span> <span class='ocrx_word' id='word_1_3' title='bbox 409 425 478 467; x_wconf 90' lang='lat' dir='ltr'>per</span> <span class='ocrx_word' id='word_1_4' title='bbox 501 410 573 452; x_wconf 87' lang='lat' dir='ltr'>lira</span> <span class='ocrx_word' id='word_1_5' title='bbox 593 409 780 453; x_wconf 84' lang='lat' dir='ltr'>s&#39;acordo</span> <span class='ocrx_word' id='word_1_6' title='bbox 804 426 824 452; x_wconf 86' lang='lat' dir='ltr'>a</span> <span class='ocrx_word' id='word_1_7' title='bbox 847 426 907 467; x_wconf 75' lang='lat' dir='ltr'>gr.</span> <span class='ocrx_word' id='word_1_8' title='bbox 929 424 981 453; x_wconf 85' lang='lat'>20</span> <span class='ocrx_word' id='word_1_9' title='bbox 1006 426 1077 467; x_wconf 83' lang='lat' dir='ltr'>per</span> <span class='ocrx_word' id='word_1_10' title='bbox 1100 411 1199 454; x_wconf 89' lang='lat' dir='ltr'>libra</span> <span class='ocrx_word' id='word_1_11' title='bbox 1220 427 1241 454; x_wconf 93' lang='grc'>6</span> <span class='ocrx_word' id='word_1_12' title='bbox 1264 411 1421 454; x_wconf 86' lang='lat' dir='ltr'>tolsene</span> <span class='ocrx_word' id='word_1_13' title='bbox 1440 412 1590 468; x_wconf 87' lang='lat' dir='ltr'>scripto</span> <span class='ocrx_word' id='word_1_14' title='bbox 1611 411 1660 454; x_wconf 87' lang='lat' dir='ltr'>de</span> 
     </span>
     <span class='ocr_line' id='line_1_2' title="bbox 175 480 1661 538; baseline 0.001 -14"><span class='ocrx_word' id='word_1_15' title='bbox 175 496 273 524; x_wconf 83' lang='lat' dir='ltr'>man</span> <span class='ocrx_word' id='word_1_16' title='bbox 296 481 470 523; x_wconf 83' lang='lat' dir='ltr'>insieme</span> <span class='ocrx_word' id='word_1_17' title='bbox 488 495 568 523; x_wconf 91' lang='lat' dir='ltr'>con</span> <span class='ocrx_word' id='word_1_18' title='bbox 590 481 602 522; x_wconf 90' lang='lat' dir='ltr'>i</span> <span class='ocrx_word' id='word_1_19' title='bbox 623 481 708 523; x_wconf 78' lang='lat' dir='ltr'>vari</span> <span class='ocrx_word' id='word_1_20' title='bbox 731 480 781 523; x_wconf 87' lang='lat' dir='ltr'>de</span> <span class='ocrx_word' id='word_1_21' title='bbox 805 480 905 523; x_wconf 85' lang='lat' dir='ltr'>libre</span> <span class='ocrx_word' id='word_1_22' title='bbox 931 482 1042 537; x_wconf 79' lang='lat'><em>2380</em></span> <span class='ocrx_word' id='word_1_23' title='bbox 1066 497 1125 538; x_wconf 76' lang='lat' dir='ltr'>gr.</span> <span class='ocrx_word' id='word_1_24' title='bbox 1223 490 1233 508; x_wconf 91' lang='lat'><em>¹</em></span> <span class='ocrx_word' id='word_1_25' title='bbox 1264 482 1418 524; x_wconf 85' lang='lat' dir='ltr'>chomo</span> <span class='ocrx_word' id='word_1_26' title='bbox 1436 483 1461 525; x_wconf 87' lang='grc' dir='ltr'>ὸ</span> <span class='ocrx_word' id='word_1_27' title='bbox 1488 493 1661 538; x_wconf 77' lang='lat' dir='ltr'>provato</span> 
     </span>
     <span class='ocr_line' id='line_1_3' title="bbox 175 549 1658 609; baseline 0 -15"><span class='ocrx_word' id='word_1_28' title='bbox 175 567 196 594; x_wconf 92' lang='lat' dir='ltr'>e</span> <span class='ocrx_word' id='word_1_29' title='bbox 218 550 352 594; x_wconf 87' lang='lat' dir='ltr'>offero</span> <span class='ocrx_word' id='word_1_30' title='bbox 374 551 424 594; x_wconf 90' lang='lat' dir='ltr'>de</span> <span class='ocrx_word' id='word_1_31' title='bbox 446 565 620 608; x_wconf 76' lang='lat' dir='ltr'>provare</span> <span class='ocrx_word' id='word_1_32' title='bbox 637 549 916 608; x_wconf 80' lang='lat' dir='ltr'>bixognando.</span> <span class='ocrx_word' id='word_1_33' title='bbox 945 552 976 594; x_wconf 82' lang='lat' dir='ltr'>E</span> <span class='ocrx_word' id='word_1_34' title='bbox 1000 553 1068 609; x_wconf 89' lang='lat' dir='ltr'>piu</span> <span class='ocrx_word' id='word_1_35' title='bbox 1093 552 1197 595; x_wconf 89' lang='lat' dir='ltr'>forte</span> <span class='ocrx_word' id='word_1_36' title='bbox 1229 553 1318 595; x_wconf 90' lang='lat' dir='ltr'>chel</span> <span class='ocrx_word' id='word_1_37' title='bbox 1350 552 1462 595; x_wconf 84' lang='lat' dir='ltr'>dicto</span> <span class='ocrx_word' id='word_1_38' title='bbox 1480 554 1658 595; x_wconf 80' lang='lat' dir='ltr'>crcmexi</span> 
     </span>
     <span class='ocr_line' id='line_1_4' title="bbox 173 621 1660 680; baseline -0.001 -14"><span class='ocrx_word' id='word_1_39' title='bbox 173 623 342 680; x_wconf 88' lang='lat' dir='ltr'>proprio</span> <span class='ocrx_word' id='word_1_40' title='bbox 369 621 444 665; x_wconf 91' lang='lat' dir='ltr'>che</span> <span class='ocrx_word' id='word_1_41' title='bbox 466 637 536 664; x_wconf 84' lang='lat' dir='ltr'>ora</span> <span class='ocrx_word' id='word_1_42' title='bbox 565 622 621 664; x_wconf 87' lang='lat' dir='ltr'>mi</span> <span class='ocrx_word' id='word_1_43' title='bbox 648 621 855 665; x_wconf 83' lang='lat' dir='ltr'>domanda</span> <span class='ocrx_word' id='word_1_44' title='bbox 883 623 918 665; x_wconf 90' lang='lat' dir='ltr'>el</span> <span class='ocrx_word' id='word_1_45' title='bbox 947 638 996 665; x_wconf 89' lang='lat' dir='ltr'>ne</span> <span class='ocrx_word' id='word_1_46' title='bbox 1025 622 1066 665; x_wconf 85' lang='lat' dir='ltr'>fu</span> <span class='ocrx_word' id='word_1_47' title='bbox 1095 635 1241 680; x_wconf 76' lang='lat' dir='ltr'>pagato</span> <span class='ocrx_word' id='word_1_48' title='bbox 1269 623 1373 666; x_wconf 88' lang='lat' dir='ltr'>infra</span> <span class='ocrx_word' id='word_1_49' title='bbox 1406 623 1440 666; x_wconf 88' lang='lat' dir='ltr'>el</span> <span class='ocrx_word' id='word_1_50' title='bbox 1474 635 1660 666; x_wconf 81' lang='lat' dir='ltr'>termene</span> 
     </span>
     <span class='ocr_line' id='line_1_5' title="bbox 173 693 1659 752; baseline 0 -15"><span class='ocrx_word' id='word_1_51' title='bbox 173 695 215 737; x_wconf 89' lang='lat' dir='ltr'>in</span> <span class='ocrx_word' id='word_1_52' title='bbox 238 694 336 738; x_wconf 87' lang='lat' dir='ltr'>salle</span> <span class='ocrx_word' id='word_1_53' title='bbox 357 695 455 736; x_wconf 87' lang='lat' dir='ltr'>etin</span> <span class='ocrx_word' id='word_1_54' title='bbox 478 693 576 737; x_wconf 87' lang='lat' dir='ltr'>buoi</span> <span class='ocrx_word' id='word_1_55' title='bbox 591 709 612 736; x_wconf 93' lang='lat' dir='ltr'>e</span> <span class='ocrx_word' id='word_1_56' title='bbox 635 709 714 736; x_wconf 89' lang='lat' dir='ltr'>con</span> <span class='ocrx_word' id='word_1_57' title='bbox 738 709 813 737; x_wconf 87' lang='lat' dir='ltr'>suo</span> <span class='ocrx_word' id='word_1_58' title='bbox 837 695 982 747; x_wconf 74' lang='lat' dir='ltr'>milita,</span> <span class='ocrx_word' id='word_1_59' title='bbox 1005 694 1160 737; x_wconf 88' lang='lat' dir='ltr'>chomo</span> <span class='ocrx_word' id='word_1_60' title='bbox 1179 696 1204 738; x_wconf 81' lang='grc' dir='ltr'>ὸ</span> <span class='ocrx_word' id='word_1_61' title='bbox 1225 707 1399 752; x_wconf 79' lang='lat' dir='ltr'>provato</span> <span class='ocrx_word' id='word_1_62' title='bbox 1422 706 1461 737; x_wconf 88' lang='lat' dir='ltr'>et</span> <span class='ocrx_word' id='word_1_63' title='bbox 1479 695 1659 751; x_wconf 81' lang='lat' dir='ltr'>offerero</span> 
     </span>
     <span class='ocr_line' id='line_1_6' title="bbox 172 763 1659 822; baseline 0 -14"><span class='ocrx_word' id='word_1_64' title='bbox 172 764 222 808; x_wconf 92' lang='lat' dir='ltr'>de</span> <span class='ocrx_word' id='word_1_65' title='bbox 253 780 427 822; x_wconf 84' lang='lat' dir='ltr'>provare</span> <span class='ocrx_word' id='word_1_66' title='bbox 459 763 747 822; x_wconf 78' lang='lat' dir='ltr'>bexognando.</span> <span class='ocrx_word' id='word_1_67' title='bbox 780 765 988 819; x_wconf 78' lang='lat' dir='ltr'>Adunque</span> <span class='ocrx_word' id='word_1_68' title='bbox 1022 781 1064 808; x_wconf 87' lang='lat' dir='ltr'>se</span> <span class='ocrx_word' id='word_1_69' title='bbox 1097 781 1161 808; x_wconf 91' lang='lat' dir='ltr'>ser</span> <span class='ocrx_word' id='word_1_70' title='bbox 1194 767 1305 808; x_wconf 83' lang='lat' dir='ltr'>Zuan</span> <span class='ocrx_word' id='word_1_71' title='bbox 1339 766 1507 809; x_wconf 87' lang='lat' dir='ltr'>Bancho</span> <span class='ocrx_word' id='word_1_72' title='bbox 1534 765 1583 808; x_wconf 89' lang='lat' dir='ltr'>de</span> <span class='ocrx_word' id='word_1_73' title='bbox 1623 766 1659 808; x_wconf 84' lang='lat' dir='ltr'>la</span> 
     </span>
     <span class='ocr_line' id='line_1_7' title="bbox 171 834 1658 880; baseline 0.001 -1"><span class='ocrx_word' id='word_1_74' title='bbox 171 834 278 879; x_wconf 87' lang='lat' dir='ltr'>dicta</span> <span class='ocrx_word' id='word_1_75' title='bbox 295 836 495 878; x_wconf 88' lang='lat' dir='ltr'>sententia</span> <span class='ocrx_word' id='word_1_76' title='bbox 515 834 724 878; x_wconf 84' lang='lat' dir='ltr'>arbitraria</span> <span class='ocrx_word' id='word_1_77' title='bbox 745 851 766 878; x_wconf 94' lang='lat' dir='ltr'>e</span> <span class='ocrx_word' id='word_1_78' title='bbox 788 835 851 878; x_wconf 84' lang='lat' dir='ltr'>del</span> <span class='ocrx_word' id='word_1_79' title='bbox 875 847 981 879; x_wconf 83' lang='lat' dir='ltr'>trato</span> <span class='ocrx_word' id='word_1_80' title='bbox 1000 836 1064 879; x_wconf 88' lang='lat' dir='ltr'>del</span> <span class='ocrx_word' id='word_1_81' title='bbox 1087 836 1196 879; x_wconf 89' lang='lat' dir='ltr'>dicto</span> <span class='ocrx_word' id='word_1_82' title='bbox 1219 838 1398 879; x_wconf 75' lang='lat' dir='ltr'>cremexi</span> <span class='ocrx_word' id='word_1_83' title='bbox 1422 852 1464 879; x_wconf 90' lang='lat' dir='ltr'>se</span> <span class='ocrx_word' id='word_1_84' title='bbox 1482 836 1658 880; x_wconf 81' lang='lat' dir='ltr'>accordo</span> 
     </span>
     <span class='ocr_line' id='line_1_8' title="bbox 170 905 1657 964; baseline 0.001 -15"><span class='ocrx_word' id='word_1_85' title='bbox 170 905 320 950; x_wconf 84' lang='lat' dir='ltr'>dallato</span> <span class='ocrx_word' id='word_1_86' title='bbox 339 905 390 949; x_wconf 93' lang='lat' dir='ltr'>de</span> <span class='ocrx_word' id='word_1_87' title='bbox 412 906 448 948; x_wconf 74' lang='lat' dir='ltr'>la</span> <span class='ocrx_word' id='word_1_88' title='bbox 470 905 520 948; x_wconf 90' lang='lat' dir='ltr'>de</span> <span class='ocrx_word' id='word_1_89' title='bbox 547 920 623 949; x_wconf 89' lang='lat' dir='ltr'>suo</span> <span class='ocrx_word' id='word_1_90' title='bbox 651 905 819 948; x_wconf 67' lang='lat' dir='ltr'>volontz&#39;i</span> <span class='ocrx_word' id='word_1_91' title='bbox 843 922 864 948; x_wconf 96' lang='lat' dir='ltr'>e</span> <span class='ocrx_word' id='word_1_92' title='bbox 888 905 1025 949; x_wconf 88' lang='lat' dir='ltr'>fatone</span> <span class='ocrx_word' id='word_1_93' title='bbox 1051 918 1236 950; x_wconf 84' lang='lat' dir='ltr'>termene</span> <span class='ocrx_word' id='word_1_94' title='bbox 1269 922 1290 949; x_wconf 90' lang='lat' dir='ltr'>e</span> <span class='ocrx_word' id='word_1_95' title='bbox 1316 922 1387 964; x_wconf 91' lang='lat' dir='ltr'>per</span> <span class='ocrx_word' id='word_1_96' title='bbox 1420 922 1495 949; x_wconf 87' lang='lat' dir='ltr'>suo</span> <span class='ocrx_word' id='word_1_97' title='bbox 1529 907 1657 950; x_wconf 60' lang='lat' dir='ltr'>utilit-„¹1</span> 
     </span>
     <span class='ocr_line' id='line_1_9' title="bbox 168 976 1657 1033; baseline 0 -13"><span class='ocrx_word' id='word_1_98' title='bbox 168 976 220 1020; x_wconf 91' lang='lat' dir='ltr'>de</span> <span class='ocrx_word' id='word_1_99' title='bbox 252 976 279 1020; x_wconf 92' lang='lat' dir='ltr'>f.</span> <span class='ocrx_word' id='word_1_100' title='bbox 313 978 412 1028; x_wconf 91' lang='lat'>800,</span> <span class='ocrx_word' id='word_1_101' title='bbox 446 992 467 1019; x_wconf 91' lang='lat' dir='ltr'>e</span> <span class='ocrx_word' id='word_1_102' title='bbox 499 977 541 1019; x_wconf 88' lang='lat' dir='ltr'>in</span> <span class='ocrx_word' id='word_1_103' title='bbox 575 977 662 1019; x_wconf 92' lang='lat' dir='ltr'>mio</span> <span class='ocrx_word' id='word_1_104' title='bbox 694 976 927 1033; x_wconf 84' lang='lat' dir='ltr'>prezudicio</span> <span class='ocrx_word' id='word_1_105' title='bbox 970 978 1005 1020; x_wconf 86' lang='lat' dir='ltr'>la</span> <span class='ocrx_word' id='word_1_106' title='bbox 1051 993 1178 1020; x_wconf 71' lang='lat' dir='ltr'>saxon</span> <span class='ocrx_word' id='word_1_107' title='bbox 1216 992 1301 1020; x_wconf 92' lang='lat' dir='ltr'>non</span> <span class='ocrx_word' id='word_1_108' title='bbox 1333 977 1398 1021; x_wconf 88' lang='lat' dir='ltr'>die</span> <span class='ocrx_word' id='word_1_109' title='bbox 1431 978 1584 1021; x_wconf 79' lang='lat' dir='ltr'>vollere</span> <span class='ocrx_word' id='word_1_110' title='bbox 1617 979 1657 1020; x_wconf 89' lang='lat' dir='ltr'>io</span> 
     </span>
     <span class='ocr_line' id='line_1_10' title="bbox 169 1047 1654 1106; baseline 0.001 -16"><span class='ocrx_word' id='word_1_111' title='bbox 169 1048 228 1090; x_wconf 89' lang='lat' dir='ltr'>sia</span> <span class='ocrx_word' id='word_1_112' title='bbox 254 1048 323 1105; x_wconf 90' lang='lat' dir='ltr'>piu</span> <span class='ocrx_word' id='word_1_113' title='bbox 343 1058 487 1090; x_wconf 88' lang='lat' dir='ltr'>tenuto</span> <span class='ocrx_word' id='word_1_114' title='bbox 501 1065 511 1100; x_wconf 91' lang='lat'>;</span> <span class='ocrx_word' id='word_1_115' title='bbox 544 1063 565 1090; x_wconf 92' lang='grc'>6</span> <span class='ocrx_word' id='word_1_116' title='bbox 589 1059 872 1090; x_wconf 82' lang='lat' dir='ltr'>mazormente</span> <span class='ocrx_word' id='word_1_117' title='bbox 893 1047 1151 1091; x_wconf 84' lang='lat' dir='ltr'>abiandonne</span> <span class='ocrx_word' id='word_1_118' title='bbox 1175 1048 1309 1092; x_wconf 84' lang='lat' dir='ltr'>abudo</span> <span class='ocrx_word' id='word_1_119' title='bbox 1331 1049 1366 1091; x_wconf 91' lang='lat' dir='ltr'>el</span> <span class='ocrx_word' id='word_1_120' title='bbox 1391 1060 1654 1106; x_wconf 82' lang='lat' dir='ltr'>pagamento,</span> 
     </span>
     <span class='ocr_line' id='line_1_11' title="bbox 168 1118 1356 1177; baseline 0 -15"><span class='ocrx_word' id='word_1_121' title='bbox 168 1118 324 1162; x_wconf 91' lang='lat' dir='ltr'>chomo</span> <span class='ocrx_word' id='word_1_122' title='bbox 349 1120 375 1162; x_wconf 85' lang='grc' dir='ltr'>ὸ</span> <span class='ocrx_word' id='word_1_123' title='bbox 400 1130 590 1176; x_wconf 85' lang='lat' dir='ltr'>provato,</span> <span class='ocrx_word' id='word_1_124' title='bbox 613 1129 652 1161; x_wconf 89' lang='lat' dir='ltr'>et</span> <span class='ocrx_word' id='word_1_125' title='bbox 675 1118 880 1162; x_wconf 88' lang='lat' dir='ltr'>offerome</span> <span class='ocrx_word' id='word_1_126' title='bbox 907 1134 1058 1176; x_wconf 83' lang='lat' dir='ltr'>provar</span> <span class='ocrx_word' id='word_1_127' title='bbox 1085 1119 1356 1177; x_wconf 82' lang='lat' dir='ltr'>bisognando.</span> 
     </span>
    </p>

    <p class='ocr_par' dir='ltr' id='par_1_2' title="bbox 108 1189 1656 2812">
     <span class='ocr_line' id='line_1_12' title="bbox 256 1189 1656 1247; baseline 0 -15"><span class='ocrx_word' id='word_1_128' title='bbox 256 1189 288 1232; x_wconf 82' lang='lat' dir='ltr'>E</span> <span class='ocrx_word' id='word_1_129' title='bbox 320 1189 469 1247; x_wconf 72' lang='lat' dir='ltr'>perche</span> <span class='ocrx_word' id='word_1_130' title='bbox 501 1190 538 1232; x_wconf 91' lang='lat' dir='ltr'>el</span> <span class='ocrx_word' id='word_1_131' title='bbox 570 1189 681 1232; x_wconf 88' lang='lat' dir='ltr'>dicto</span> <span class='ocrx_word' id='word_1_132' title='bbox 714 1204 779 1232; x_wconf 89' lang='lat' dir='ltr'>ser</span> <span class='ocrx_word' id='word_1_133' title='bbox 807 1191 943 1232; x_wconf 87' lang='lat' dir='ltr'>Zuane</span> <span class='ocrx_word' id='word_1_134' title='bbox 976 1189 1013 1233; x_wconf 88' lang='lat' dir='ltr'>fa</span> <span class='ocrx_word' id='word_1_135' title='bbox 1041 1190 1075 1233; x_wconf 91' lang='grc'>61</span> <span class='ocrx_word' id='word_1_136' title='bbox 1109 1206 1185 1233; x_wconf 86' lang='lat' dir='ltr'>suo</span> <span class='ocrx_word' id='word_1_137' title='bbox 1229 1189 1499 1233; x_wconf 85' lang='lat' dir='ltr'>fondamento</span> <span class='ocrx_word' id='word_1_138' title='bbox 1541 1191 1582 1232; x_wconf 87' lang='lat' dir='ltr'>in</span> <span class='ocrx_word' id='word_1_139' title='bbox 1620 1191 1656 1233; x_wconf 92' lang='grc'>13</span> 
     </span>
     <span class='ocr_line' id='line_1_13' title="bbox 167 1259 1656 1319; baseline 0.001 -16"><span class='ocrx_word' id='word_1_140' title='bbox 167 1262 367 1304; x_wconf 85' lang='lat' dir='ltr'>sententia</span> <span class='ocrx_word' id='word_1_141' title='bbox 389 1261 428 1304; x_wconf 90' lang='lat' dir='ltr'>di</span> <span class='ocrx_word' id='word_1_142' title='bbox 447 1261 534 1303; x_wconf 74' lang='lat' dir='ltr'>vari</span> <span class='ocrx_word' id='word_1_143' title='bbox 555 1260 604 1303; x_wconf 89' lang='lat' dir='ltr'>de</span> <span class='ocrx_word' id='word_1_144' title='bbox 627 1259 727 1304; x_wconf 88' lang='lat' dir='ltr'>libre</span> <span class='ocrx_word' id='word_1_145' title='bbox 755 1275 824 1316; x_wconf 79' lang='lat'>49,</span> <span class='ocrx_word' id='word_1_146' title='bbox 849 1277 880 1303; x_wconf 90' lang='lat' dir='ltr'>s.</span> <span class='ocrx_word' id='word_1_147' title='bbox 900 1261 940 1313; x_wconf 84' lang='lat'>8,</span> <span class='ocrx_word' id='word_1_148' title='bbox 964 1261 999 1303; x_wconf 85' lang='lat' dir='ltr'>la</span> <span class='ocrx_word' id='word_1_149' title='bbox 1021 1262 1114 1319; x_wconf 84' lang='lat' dir='ltr'>qual</span> <span class='ocrx_word' id='word_1_150' title='bbox 1135 1261 1176 1304; x_wconf 91' lang='lat' dir='ltr'>fo</span> <span class='ocrx_word' id='word_1_151' title='bbox 1195 1261 1329 1304; x_wconf 84' lang='lat' dir='ltr'>lodata</span> <span class='ocrx_word' id='word_1_152' title='bbox 1352 1262 1392 1303; x_wconf 91' lang='lat' dir='ltr'>in</span> <span class='ocrx_word' id='word_1_153' title='bbox 1412 1261 1448 1304; x_wconf 93' lang='lat' dir='ltr'>el</span> <span class='ocrx_word' id='word_1_154' title='bbox 1473 1261 1656 1305; x_wconf 87' lang='lat' dir='ltr'>Conseio</span> 
     </span>
     <span class='ocr_line' id='line_1_14' title="bbox 166 1331 1655 1390; baseline -0.001 -14"><span class='ocrx_word' id='word_1_155' title='bbox 166 1331 217 1376; x_wconf 88' lang='lat' dir='ltr'>de</span> <span class='ocrx_word' id='word_1_156' title='bbox 249 1346 304 1389; x_wconf 92' lang='lat'>40</span> <span class='ocrx_word' id='word_1_157' title='bbox 337 1348 358 1376; x_wconf 96' lang='lat' dir='ltr'>e</span> <span class='ocrx_word' id='word_1_158' title='bbox 392 1332 470 1376; x_wconf 87' lang='lat' dir='ltr'>fata</span> <span class='ocrx_word' id='word_1_159' title='bbox 497 1332 633 1375; x_wconf 86' lang='lat' dir='ltr'>buona</span> <span class='ocrx_word' id='word_1_160' title='bbox 655 1332 705 1375; x_wconf 92' lang='lat' dir='ltr'>de</span> <span class='ocrx_word' id='word_1_161' title='bbox 740 1347 758 1388; x_wconf 80' lang='lat'>3</span> <span class='ocrx_word' id='word_1_162' title='bbox 785 1332 934 1376; x_wconf 87' lang='lat' dir='ltr'>ballote</span> <span class='ocrx_word' id='word_1_163' title='bbox 955 1332 1093 1386; x_wconf 87' lang='lat' dir='ltr'>dicho,</span> <span class='ocrx_word' id='word_1_164' title='bbox 1115 1333 1189 1376; x_wconf 85' lang='lat' dir='ltr'>che</span> <span class='ocrx_word' id='word_1_165' title='bbox 1204 1344 1350 1390; x_wconf 87' lang='lat' dir='ltr'>questo</span> <span class='ocrx_word' id='word_1_166' title='bbox 1369 1348 1452 1375; x_wconf 92' lang='lat' dir='ltr'>non</span> <span class='ocrx_word' id='word_1_167' title='bbox 1474 1333 1537 1376; x_wconf 89' lang='lat' dir='ltr'>de&#39;</span> <span class='ocrx_word' id='word_1_168' title='bbox 1556 1335 1655 1390; x_wconf 78' lang='lat' dir='ltr'>pero</span> 
     </span>
     <span class='ocr_line' id='line_1_15' title="bbox 165 1403 1655 1461; baseline 0 -15"><span class='ocrx_word' id='word_1_169' title='bbox 165 1415 261 1446; x_wconf 87' lang='lat' dir='ltr'>tuor</span> <span class='ocrx_word' id='word_1_170' title='bbox 291 1403 328 1446; x_wconf 87' lang='lat' dir='ltr'>le</span> <span class='ocrx_word' id='word_1_171' title='bbox 360 1404 443 1446; x_wconf 91' lang='lat' dir='ltr'>mie</span> <span class='ocrx_word' id='word_1_172' title='bbox 475 1418 618 1456; x_wconf 77' lang='lat' dir='ltr'>saxon,</span> <span class='ocrx_word' id='word_1_173' title='bbox 640 1419 662 1446; x_wconf 94' lang='lat' dir='ltr'>e</span> <span class='ocrx_word' id='word_1_174' title='bbox 680 1403 755 1446; x_wconf 88' lang='lat' dir='ltr'>che</span> <span class='ocrx_word' id='word_1_175' title='bbox 777 1403 814 1446; x_wconf 93' lang='lat' dir='ltr'>le</span> <span class='ocrx_word' id='word_1_176' title='bbox 836 1415 975 1446; x_wconf 75' lang='lat' dir='ltr'>vostre</span> <span class='ocrx_word' id='word_1_177' title='bbox 999 1403 1311 1461; x_wconf 83' lang='lat' dir='ltr'>magnificencie</span> <span class='ocrx_word' id='word_1_178' title='bbox 1338 1419 1422 1446; x_wconf 92' lang='lat' dir='ltr'>non</span> <span class='ocrx_word' id='word_1_179' title='bbox 1445 1404 1595 1461; x_wconf 78' lang='lat' dir='ltr'>pagino</span> <span class='ocrx_word' id='word_1_180' title='bbox 1618 1403 1655 1446; x_wconf 91' lang='lat' dir='ltr'>le</span> 
     </span>
     <span class='ocr_line' id='line_1_16' title="bbox 165 1473 1654 1531; baseline 0 -15"><span class='ocrx_word' id='word_1_181' title='bbox 165 1474 228 1518; x_wconf 89' lang='lat' dir='ltr'>lor</span> <span class='ocrx_word' id='word_1_182' title='bbox 248 1474 500 1517; x_wconf 86' lang='lat' dir='ltr'>conscientie</span> <span class='ocrx_word' id='word_1_183' title='bbox 521 1475 620 1531; x_wconf 81' lang='lat' dir='ltr'>pero</span> <span class='ocrx_word' id='word_1_184' title='bbox 643 1473 718 1516; x_wconf 89' lang='lat' dir='ltr'>che</span> <span class='ocrx_word' id='word_1_185' title='bbox 740 1490 762 1516; x_wconf 88' lang='lat' dir='ltr'>a</span> <span class='ocrx_word' id='word_1_186' title='bbox 782 1486 925 1531; x_wconf 85' lang='lat' dir='ltr'>questa</span> <span class='ocrx_word' id='word_1_187' title='bbox 945 1475 1089 1517; x_wconf 84' lang='lat' dir='ltr'>raxion</span> <span class='ocrx_word' id='word_1_188' title='bbox 1110 1473 1276 1517; x_wconf 72' lang='lat' dir='ltr'>doverei</span> <span class='ocrx_word' id='word_1_189' title='bbox 1294 1489 1430 1516; x_wconf 85' lang='lat' dir='ltr'>essere</span> <span class='ocrx_word' id='word_1_190' title='bbox 1453 1475 1520 1530; x_wconf 81' lang='lat' dir='ltr'>piu</span> <span class='ocrx_word' id='word_1_191' title='bbox 1543 1484 1654 1516; x_wconf 88' lang='lat' dir='ltr'>tosto</span> 
     </span>
     <span class='ocr_line' id='line_1_17' title="bbox 164 1543 1652 1603; baseline -0.001 -15"><span class='ocrx_word' id='word_1_192' title='bbox 164 1544 377 1603; x_wconf 91' lang='lat' dir='ltr'>proscolto</span> <span class='ocrx_word' id='word_1_193' title='bbox 418 1544 567 1602; x_wconf 88' lang='lat' dir='ltr'>perche</span> <span class='ocrx_word' id='word_1_194' title='bbox 609 1543 659 1588; x_wconf 91' lang='lat' dir='ltr'>de</span> <span class='ocrx_word' id='word_1_195' title='bbox 701 1556 844 1602; x_wconf 86' lang='lat' dir='ltr'>questa</span> <span class='ocrx_word' id='word_1_196' title='bbox 883 1546 1025 1602; x_wconf 88' lang='lat' dir='ltr'>propia</span> <span class='ocrx_word' id='word_1_197' title='bbox 1066 1543 1272 1588; x_wconf 81' lang='lat' dir='ltr'>domanda</span> <span class='ocrx_word' id='word_1_198' title='bbox 1315 1544 1414 1587; x_wconf 84' lang='lat' dir='ltr'>altra</span> <span class='ocrx_word' id='word_1_199' title='bbox 1455 1544 1568 1587; x_wconf 73' lang='lat' dir='ltr'>volta</span> <span class='ocrx_word' id='word_1_200' title='bbox 1611 1543 1652 1586; x_wconf 87' lang='lat' dir='ltr'>fu</span> 
     </span>
     <span class='ocr_line' id='line_1_18' title="bbox 165 1613 1652 1672; baseline -0.001 -14"><span class='ocrx_word' id='word_1_201' title='bbox 165 1616 285 1659; x_wconf 88' lang='lat' dir='ltr'>taiata</span> <span class='ocrx_word' id='word_1_202' title='bbox 317 1617 359 1658; x_wconf 92' lang='lat' dir='ltr'>in</span> <span class='ocrx_word' id='word_1_203' title='bbox 390 1615 427 1658; x_wconf 91' lang='lat' dir='ltr'>el</span> <span class='ocrx_word' id='word_1_204' title='bbox 461 1615 646 1659; x_wconf 89' lang='lat' dir='ltr'>Conseio</span> <span class='ocrx_word' id='word_1_205' title='bbox 678 1614 727 1658; x_wconf 92' lang='lat' dir='ltr'>de</span> <span class='ocrx_word' id='word_1_206' title='bbox 760 1629 830 1672; x_wconf 75' lang='lat'>40,</span> <span class='ocrx_word' id='word_1_207' title='bbox 863 1631 884 1658; x_wconf 97' lang='grc'>6</span> <span class='ocrx_word' id='word_1_208' title='bbox 917 1616 983 1658; x_wconf 87' lang='lat' dir='ltr'>nel</span> <span class='ocrx_word' id='word_1_209' title='bbox 1015 1615 1198 1659; x_wconf 87' lang='lat' dir='ltr'>secundo</span> <span class='ocrx_word' id='word_1_210' title='bbox 1239 1614 1289 1658; x_wconf 90' lang='lat' dir='ltr'>de</span> <span class='ocrx_word' id='word_1_211' title='bbox 1338 1628 1386 1657; x_wconf 85' lang='lat'>12</span> <span class='ocrx_word' id='word_1_212' title='bbox 1425 1613 1586 1657; x_wconf 85' lang='lat' dir='ltr'>ballote.</span> <span class='ocrx_word' id='word_1_213' title='bbox 1621 1615 1652 1657; x_wconf 83' lang='lat' dir='ltr'><strong>E</strong></span> 
     </span>
     <span class='ocr_line' id='line_1_19' title="bbox 165 1685 1654 1744; baseline -0.001 -14"><span class='ocrx_word' id='word_1_214' title='bbox 165 1687 251 1744; x_wconf 90' lang='lat' dir='ltr'>piui</span> <span class='ocrx_word' id='word_1_215' title='bbox 284 1685 390 1730; x_wconf 88' lang='lat' dir='ltr'>forte</span> <span class='ocrx_word' id='word_1_216' title='bbox 421 1686 497 1729; x_wconf 91' lang='lat' dir='ltr'>che</span> <span class='ocrx_word' id='word_1_217' title='bbox 528 1687 649 1744; x_wconf 88' lang='lat' dir='ltr'>dapoi</span> <span class='ocrx_word' id='word_1_218' title='bbox 682 1686 762 1744; x_wconf 78' lang='lat' dir='ltr'>egli</span> <span class='ocrx_word' id='word_1_219' title='bbox 795 1685 902 1729; x_wconf 81' lang='lat' dir='ltr'>ando</span> <span class='ocrx_word' id='word_1_220' title='bbox 935 1701 1006 1744; x_wconf 89' lang='lat' dir='ltr'>per</span> <span class='ocrx_word' id='word_1_221' title='bbox 1038 1687 1074 1729; x_wconf 87' lang='lat' dir='ltr'>la</span> <span class='ocrx_word' id='word_1_222' title='bbox 1101 1687 1166 1728; x_wconf 71' lang='lat' dir='ltr'>via</span> <span class='ocrx_word' id='word_1_223' title='bbox 1193 1685 1242 1728; x_wconf 94' lang='lat' dir='ltr'>de</span> <span class='ocrx_word' id='word_1_224' title='bbox 1266 1686 1524 1729; x_wconf 89' lang='lat' dir='ltr'>chancellieri</span> <span class='ocrx_word' id='word_1_225' title='bbox 1551 1702 1572 1728; x_wconf 88' lang='lat' dir='ltr'>e</span> <span class='ocrx_word' id='word_1_226' title='bbox 1596 1685 1654 1729; x_wconf 90' lang='lat' dir='ltr'>fe—</span> 
     </span>
     <span class='ocr_line' id='line_1_20' title="bbox 165 1756 1651 1815; baseline -0.001 -14"><span class='ocrx_word' id='word_1_227' title='bbox 165 1773 282 1801; x_wconf 90' lang='lat' dir='ltr'>ceme</span> <span class='ocrx_word' id='word_1_228' title='bbox 323 1758 591 1800; x_wconf 87' lang='lat' dir='ltr'>intrometere</span> <span class='ocrx_word' id='word_1_229' title='bbox 632 1757 694 1800; x_wconf 90' lang='lat' dir='ltr'>dal</span> <span class='ocrx_word' id='word_1_230' title='bbox 739 1757 924 1815; x_wconf 79' lang='lat' dir='ltr'>gastaldo</span> <span class='ocrx_word' id='word_1_231' title='bbox 956 1758 998 1800; x_wconf 90' lang='lat' dir='ltr'>in</span> <span class='ocrx_word' id='word_1_232' title='bbox 1031 1757 1092 1799; x_wconf 78' lang='lat' dir='ltr'>sul</span> <span class='ocrx_word' id='word_1_233' title='bbox 1138 1757 1275 1801; x_wconf 89' lang='lat' dir='ltr'>Rialto</span> <span class='ocrx_word' id='word_1_234' title='bbox 1308 1772 1328 1799; x_wconf 92' lang='lat' dir='ltr'>e</span> <span class='ocrx_word' id='word_1_235' title='bbox 1363 1756 1519 1799; x_wconf 85' lang='lat' dir='ltr'>feceme</span> <span class='ocrx_word' id='word_1_236' title='bbox 1551 1772 1651 1813; x_wconf 80' lang='lat' dir='ltr'>gran</span> 
     </span>
     <span class='ocr_line' id='line_1_21' title="bbox 164 1827 1653 1886; baseline -0.001 -14"><span class='ocrx_word' id='word_1_237' title='bbox 164 1827 301 1872; x_wconf 90' lang='lat' dir='ltr'>danno</span> <span class='ocrx_word' id='word_1_238' title='bbox 334 1843 355 1872; x_wconf 89' lang='lat' dir='ltr'>e</span> <span class='ocrx_word' id='word_1_239' title='bbox 388 1842 459 1885; x_wconf 91' lang='lat' dir='ltr'>per</span> <span class='ocrx_word' id='word_1_240' title='bbox 491 1829 503 1870; x_wconf 90' lang='lat' dir='ltr'>i</span> <span class='ocrx_word' id='word_1_241' title='bbox 538 1842 557 1884; x_wconf 79' lang='lat'><em>3</em></span> <span class='ocrx_word' id='word_1_242' title='bbox 594 1828 820 1886; x_wconf 72' lang='lat' dir='ltr'>avogadori</span> <span class='ocrx_word' id='word_1_243' title='bbox 842 1828 892 1871; x_wconf 89' lang='lat' dir='ltr'>de</span> <span class='ocrx_word' id='word_1_244' title='bbox 925 1843 1081 1871; x_wconf 74' lang='lat' dir='ltr'>conum</span> <span class='ocrx_word' id='word_1_245' title='bbox 1115 1828 1156 1870; x_wconf 82' lang='lat' dir='ltr'>fu</span> <span class='ocrx_word' id='word_1_246' title='bbox 1188 1828 1350 1885; x_wconf 80' lang='lat' dir='ltr'>talgiata</span> <span class='ocrx_word' id='word_1_247' title='bbox 1385 1828 1425 1870; x_wconf 93' lang='lat' dir='ltr'>in</span> <span class='ocrx_word' id='word_1_248' title='bbox 1459 1827 1498 1870; x_wconf 93' lang='lat' dir='ltr'>lo</span> <span class='ocrx_word' id='word_1_249' title='bbox 1538 1828 1653 1870; x_wconf 87' lang='lat' dir='ltr'>Con-</span> 
     </span>
     <span class='ocr_line' id='line_1_22' title="bbox 163 1899 1651 1958; baseline -0.002 -14"><span class='ocrx_word' id='word_1_250' title='bbox 163 1901 250 1944; x_wconf 93' lang='lat' dir='ltr'>seio</span> <span class='ocrx_word' id='word_1_251' title='bbox 281 1900 332 1944; x_wconf 89' lang='lat' dir='ltr'>de</span> <span class='ocrx_word' id='word_1_252' title='bbox 364 1899 529 1958; x_wconf 83' lang='lat' dir='ltr'>pregadi</span> <span class='ocrx_word' id='word_1_253' title='bbox 562 1899 612 1943; x_wconf 94' lang='lat' dir='ltr'>de</span> <span class='ocrx_word' id='word_1_254' title='bbox 650 1914 699 1943; x_wconf 92' lang='lat'>10</span> <span class='ocrx_word' id='word_1_255' title='bbox 733 1899 867 1944; x_wconf 89' lang='lat' dir='ltr'>balote</span> <span class='ocrx_word' id='word_1_256' title='bbox 900 1901 941 1943; x_wconf 89' lang='lat' dir='ltr'>in</span> <span class='ocrx_word' id='word_1_257' title='bbox 974 1901 1062 1943; x_wconf 89' lang='lat' dir='ltr'>mio</span> <span class='ocrx_word' id='word_1_258' title='bbox 1101 1900 1241 1943; x_wconf 76' lang='lat' dir='ltr'>favore</span> <span class='ocrx_word' id='word_1_259' title='bbox 1274 1916 1296 1943; x_wconf 91' lang='lat' dir='ltr'>e</span> <span class='ocrx_word' id='word_1_260' title='bbox 1328 1899 1483 1942; x_wconf 86' lang='lat' dir='ltr'>chomo</span> <span class='ocrx_word' id='word_1_261' title='bbox 1526 1914 1651 1956; x_wconf 90' lang='lat' dir='ltr'>posso</span> 
     </span>
     <span class='ocr_line' id='line_1_23' title="bbox 162 1969 1650 2029; baseline -0.001 -16"><span class='ocrx_word' id='word_1_262' title='bbox 162 1985 314 2029; x_wconf 89' lang='lat' dir='ltr'>provar</span> <span class='ocrx_word' id='word_1_263' title='bbox 345 1986 415 2028; x_wconf 90' lang='lat' dir='ltr'>per</span> <span class='ocrx_word' id='word_1_264' title='bbox 448 1972 460 2013; x_wconf 92' lang='lat' dir='ltr'>i</span> <span class='ocrx_word' id='word_1_265' title='bbox 492 1969 588 2013; x_wconf 92' lang='lat' dir='ltr'>dicti</span> <span class='ocrx_word' id='word_1_266' title='bbox 622 1970 862 2029; x_wconf 79' lang='lat' dir='ltr'>avogadori,</span> <span class='ocrx_word' id='word_1_267' title='bbox 886 1987 928 2014; x_wconf 88' lang='lat' dir='ltr'>se</span> <span class='ocrx_word' id='word_1_268' title='bbox 961 1973 1002 2014; x_wconf 89' lang='lat' dir='ltr'>io</span> <span class='ocrx_word' id='word_1_269' title='bbox 1030 1986 1172 2014; x_wconf 72' lang='lat' dir='ltr'>avesse</span> <span class='ocrx_word' id='word_1_270' title='bbox 1195 1982 1340 2028; x_wconf 84' lang='lat' dir='ltr'>saputo</span> <span class='ocrx_word' id='word_1_271' title='bbox 1364 1971 1400 2013; x_wconf 93' lang='lat' dir='ltr'>la</span> <span class='ocrx_word' id='word_1_272' title='bbox 1424 1970 1506 2012; x_wconf 84' lang='lat' dir='ltr'>leze</span> <span class='ocrx_word' id='word_1_273' title='bbox 1538 1985 1559 2012; x_wconf 94' lang='lat' dir='ltr'>e</span> <span class='ocrx_word' id='word_1_274' title='bbox 1593 1971 1650 2012; x_wconf 85' lang='lat' dir='ltr'>mi</span> 
     </span>
     <span class='ocr_line' id='line_1_24' title="bbox 163 2041 1650 2100; baseline -0.001 -16"><span class='ocrx_word' id='word_1_275' title='bbox 163 2042 391 2085; x_wconf 81' lang='lat' dir='ltr'>soveniano</span> <span class='ocrx_word' id='word_1_276' title='bbox 408 2041 471 2085; x_wconf 90' lang='lat' dir='ltr'>del</span> <span class='ocrx_word' id='word_1_277' title='bbox 488 2041 600 2085; x_wconf 91' lang='lat' dir='ltr'>dicto</span> <span class='ocrx_word' id='word_1_278' title='bbox 627 2042 812 2086; x_wconf 83' lang='lat' dir='ltr'>Conseio</span> <span class='ocrx_word' id='word_1_279' title='bbox 834 2042 884 2086; x_wconf 86' lang='lat' dir='ltr'>de</span> <span class='ocrx_word' id='word_1_280' title='bbox 911 2056 965 2099; x_wconf 70' lang='lat'>40</span> <span class='ocrx_word' id='word_1_281' title='bbox 990 2058 1060 2100; x_wconf 86' lang='lat' dir='ltr'>per</span> <span class='ocrx_word' id='word_1_282' title='bbox 1083 2042 1110 2085; x_wconf 89' lang='lat' dir='ltr'>li</span> <span class='ocrx_word' id='word_1_283' title='bbox 1131 2043 1227 2086; x_wconf 84' lang='lat' dir='ltr'>dicti</span> <span class='ocrx_word' id='word_1_284' title='bbox 1251 2043 1361 2095; x_wconf 69' lang='lat' dir='ltr'>vari3</span> <span class='ocrx_word' id='word_1_285' title='bbox 1389 2043 1488 2099; x_wconf 81' lang='lat' dir='ltr'>pero</span> <span class='ocrx_word' id='word_1_286' title='bbox 1513 2041 1650 2099; x_wconf 85' lang='lat' dir='ltr'>quello</span> 
     </span>
     <span class='ocr_line' id='line_1_25' title="bbox 164 2112 1651 2171; baseline -0.001 -14"><span class='ocrx_word' id='word_1_287' title='bbox 164 2113 348 2158; x_wconf 89' lang='lat' dir='ltr'>Conseio</span> <span class='ocrx_word' id='word_1_288' title='bbox 372 2112 414 2156; x_wconf 94' lang='lat' dir='ltr'>fo</span> <span class='ocrx_word' id='word_1_289' title='bbox 440 2114 649 2171; x_wconf 66' lang='lat' dir='ltr'>ingmaro,</span> <span class='ocrx_word' id='word_1_290' title='bbox 676 2130 697 2156; x_wconf 94' lang='lat' dir='ltr'>e</span> <span class='ocrx_word' id='word_1_291' title='bbox 724 2114 903 2157; x_wconf 78' lang='lat' dir='ltr'>anchora</span> <span class='ocrx_word' id='word_1_292' title='bbox 931 2130 1050 2171; x_wconf 85' lang='lat' dir='ltr'>spero</span> <span class='ocrx_word' id='word_1_293' title='bbox 1083 2129 1248 2157; x_wconf 81' lang='lat' dir='ltr'>essernc</span> <span class='ocrx_word' id='word_1_294' title='bbox 1275 2113 1524 2164; x_wconf 75' lang='lat' dir='ltr'>sobvenut03</span> <span class='ocrx_word' id='word_1_295' title='bbox 1552 2114 1651 2170; x_wconf 83' lang='lat' dir='ltr'>pero</span> 
     </span>
     <span class='ocr_line' id='line_1_26' title="bbox 163 2183 1650 2243; baseline -0.002 -15"><span class='ocrx_word' id='word_1_296' title='bbox 163 2185 259 2228; x_wconf 74' lang='lat' dir='ltr'>m’e</span> <span class='ocrx_word' id='word_1_297' title='bbox 291 2183 408 2228; x_wconf 89' lang='lat' dir='ltr'>stado</span> <span class='ocrx_word' id='word_1_298' title='bbox 439 2185 544 2228; x_wconf 91' lang='lat' dir='ltr'>tolto</span> <span class='ocrx_word' id='word_1_299' title='bbox 577 2186 587 2228; x_wconf 91' lang='lat' dir='ltr'>i</span> <span class='ocrx_word' id='word_1_300' title='bbox 620 2185 718 2229; x_wconf 89' lang='lat' dir='ltr'>dicti</span> <span class='ocrx_word' id='word_1_301' title='bbox 750 2185 890 2229; x_wconf 88' lang='lat' dir='ltr'>danari</span> <span class='ocrx_word' id='word_1_302' title='bbox 924 2198 1066 2228; x_wconf 87' lang='lat' dir='ltr'>contra</span> <span class='ocrx_word' id='word_1_303' title='bbox 1099 2186 1195 2243; x_wconf 83' lang='lat' dir='ltr'>ogni</span> <span class='ocrx_word' id='word_1_304' title='bbox 1230 2200 1372 2237; x_wconf 78' lang='lat' dir='ltr'>raxon,</span> <span class='ocrx_word' id='word_1_305' title='bbox 1406 2183 1650 2227; x_wconf 83' lang='lat' dir='ltr'>declarando</span> 
     </span>
     <span class='ocr_line' id='line_1_27' title="bbox 161 2253 1650 2313; baseline -0.001 -14"><span class='ocrx_word' id='word_1_306' title='bbox 161 2255 343 2299; x_wconf 88' lang='lat' dir='ltr'>anchora</span> <span class='ocrx_word' id='word_1_307' title='bbox 374 2255 450 2298; x_wconf 87' lang='lat' dir='ltr'>che</span> <span class='ocrx_word' id='word_1_308' title='bbox 481 2270 583 2313; x_wconf 82' lang='lat' dir='ltr'>gran</span> <span class='ocrx_word' id='word_1_309' title='bbox 615 2256 854 2300; x_wconf 87' lang='lat' dir='ltr'>differencia</span> <span class='ocrx_word' id='word_1_310' title='bbox 886 2258 906 2299; x_wconf 74' lang='grc' dir='ltr'><em>ὲ</em></span> <span class='ocrx_word' id='word_1_311' title='bbox 934 2255 982 2299; x_wconf 85' lang='grc'>(13</span> <span class='ocrx_word' id='word_1_312' title='bbox 1011 2258 1021 2299; x_wconf 91' lang='grc'>1</span> <span class='ocrx_word' id='word_1_313' title='bbox 1054 2257 1138 2299; x_wconf 72' lang='lat' dir='ltr'>vari</span> <span class='ocrx_word' id='word_1_314' title='bbox 1178 2272 1199 2299; x_wconf 94' lang='lat' dir='ltr'>e</span> <span class='ocrx_word' id='word_1_315' title='bbox 1237 2257 1441 2306; x_wconf 83' lang='lat' dir='ltr'>cremexi;</span> <span class='ocrx_word' id='word_1_316' title='bbox 1476 2256 1574 2312; x_wconf 80' lang='lat' dir='ltr'>pero</span> <span class='ocrx_word' id='word_1_317' title='bbox 1600 2253 1650 2297; x_wconf 89' lang='lat' dir='ltr'>de</span> 
     </span>
     <span class='ocr_line' id='line_1_28' title="bbox 162 2327 1648 2387; baseline -0.001 -16"><span class='ocrx_word' id='word_1_318' title='bbox 162 2328 344 2372; x_wconf 89' lang='lat' dir='ltr'>l’acordo</span> <span class='ocrx_word' id='word_1_319' title='bbox 371 2329 408 2371; x_wconf 92' lang='lat' dir='ltr'>el</span> <span class='ocrx_word' id='word_1_320' title='bbox 427 2327 512 2371; x_wconf 88' lang='lat' dir='ltr'>fece</span> <span class='ocrx_word' id='word_1_321' title='bbox 538 2328 588 2372; x_wconf 90' lang='lat' dir='ltr'>de</span> <span class='ocrx_word' id='word_1_322' title='bbox 611 2329 647 2372; x_wconf 77' lang='lat' dir='ltr'>la</span> <span class='ocrx_word' id='word_1_323' title='bbox 674 2329 709 2372; x_wconf 88' lang='grc'>61</span> <span class='ocrx_word' id='word_1_324' title='bbox 729 2344 812 2372; x_wconf 90' lang='lat' dir='ltr'>non</span> <span class='ocrx_word' id='word_1_325' title='bbox 834 2345 903 2386; x_wconf 81' lang='lat' dir='ltr'>par</span> <span class='ocrx_word' id='word_1_326' title='bbox 927 2330 962 2372; x_wconf 90' lang='lat' dir='ltr'>el</span> <span class='ocrx_word' id='word_1_327' title='bbox 981 2329 1261 2387; x_wconf 78' lang='lat' dir='ltr'>guadagnasse</span> <span class='ocrx_word' id='word_1_328' title='bbox 1284 2328 1363 2372; x_wconf 83' lang='lat' dir='ltr'>dei</span> <span class='ocrx_word' id='word_1_329' title='bbox 1390 2328 1476 2371; x_wconf 70' lang='lat' dir='ltr'>vari</span> <span class='ocrx_word' id='word_1_330' title='bbox 1499 2329 1648 2380; x_wconf 84' lang='lat' dir='ltr'>niente,</span> 
     </span>
     <span class='ocr_line' id='line_1_29' title="bbox 162 2397 1648 2457; baseline -0.001 -15"><span class='ocrx_word' id='word_1_331' title='bbox 162 2414 230 2442; x_wconf 90' lang='lat' dir='ltr'>ma</span> <span class='ocrx_word' id='word_1_332' title='bbox 246 2397 354 2442; x_wconf 88' lang='lat' dir='ltr'>delo</span> <span class='ocrx_word' id='word_1_333' title='bbox 385 2401 579 2453; x_wconf 78' lang='lat' dir='ltr'>cremexi,</span> <span class='ocrx_word' id='word_1_334' title='bbox 606 2400 695 2443; x_wconf 89' lang='lat' dir='ltr'>chel</span> <span class='ocrx_word' id='word_1_335' title='bbox 722 2399 929 2443; x_wconf 84' lang='lat' dir='ltr'>domanda</span> <span class='ocrx_word' id='word_1_336' title='bbox 952 2400 1168 2457; x_wconf 78' lang='lat' dir='ltr'>guadagno</span> <span class='ocrx_word' id='word_1_337' title='bbox 1192 2415 1252 2457; x_wconf 80' lang='lat' dir='ltr'>gr.</span> <span class='ocrx_word' id='word_1_338' title='bbox 1286 2415 1302 2455; x_wconf 76' lang='lat'>5</span> <span class='ocrx_word' id='word_1_339' title='bbox 1335 2414 1404 2457; x_wconf 88' lang='lat' dir='ltr'>per</span> <span class='ocrx_word' id='word_1_340' title='bbox 1433 2397 1546 2451; x_wconf 82' lang='lat' dir='ltr'>libra,</span> <span class='ocrx_word' id='word_1_341' title='bbox 1574 2398 1648 2440; x_wconf 88' lang='lat' dir='ltr'>che</span> 
     </span>
     <span class='ocr_line' id='line_1_30' title="bbox 162 2469 1647 2529; baseline -0.001 -16"><span class='ocrx_word' id='word_1_342' title='bbox 162 2469 203 2513; x_wconf 90' lang='lat' dir='ltr'>fo</span> <span class='ocrx_word' id='word_1_343' title='bbox 219 2469 245 2513; x_wconf 90' lang='lat' dir='ltr'>f.</span> <span class='ocrx_word' id='word_1_344' title='bbox 259 2470 343 2513; x_wconf 91' lang='lat'>800</span> <span class='ocrx_word' id='word_1_345' title='bbox 362 2485 388 2513; x_wconf 96' lang='lat' dir='ltr'>o</span> <span class='ocrx_word' id='word_1_346' title='bbox 405 2470 565 2524; x_wconf 91' lang='lat' dir='ltr'>cercha,</span> <span class='ocrx_word' id='word_1_347' title='bbox 583 2471 659 2514; x_wconf 88' lang='lat' dir='ltr'>che</span> <span class='ocrx_word' id='word_1_348' title='bbox 676 2470 718 2514; x_wconf 84' lang='lat' dir='ltr'>fu</span> <span class='ocrx_word' id='word_1_349' title='bbox 736 2487 757 2514; x_wconf 89' lang='lat' dir='ltr'>a</span> <span class='ocrx_word' id='word_1_350' title='bbox 775 2486 903 2514; x_wconf 78' lang='lat' dir='ltr'>raxon</span> <span class='ocrx_word' id='word_1_351' title='bbox 930 2471 980 2514; x_wconf 87' lang='lat' dir='ltr'>de</span> <span class='ocrx_word' id='word_1_352' title='bbox 1004 2473 1071 2528; x_wconf 67' lang='lat' dir='ltr'>pin</span> <span class='ocrx_word' id='word_1_353' title='bbox 1089 2487 1148 2529; x_wconf 76' lang='lat' dir='ltr'>gr.</span> <span class='ocrx_word' id='word_1_354' title='bbox 1164 2484 1218 2527; x_wconf 86' lang='lat'>70</span> <span class='ocrx_word' id='word_1_355' title='bbox 1237 2486 1306 2528; x_wconf 84' lang='lat' dir='ltr'>per</span> <span class='ocrx_word' id='word_1_356' title='bbox 1327 2481 1448 2513; x_wconf 90' lang='lat' dir='ltr'>cento</span> <span class='ocrx_word' id='word_1_357' title='bbox 1471 2469 1647 2511; x_wconf 86' lang='lat' dir='ltr'>al&#39;anno.</span> 
     </span>
     <span class='ocr_line' id='line_1_31' title="bbox 160 2540 1647 2599; baseline -0.001 -15"><span class='ocrx_word' id='word_1_358' title='bbox 160 2541 192 2584; x_wconf 86' lang='lat' dir='ltr'>E</span> <span class='ocrx_word' id='word_1_359' title='bbox 210 2541 359 2599; x_wconf 75' lang='lat' dir='ltr'>perche</span> <span class='ocrx_word' id='word_1_360' title='bbox 376 2542 413 2584; x_wconf 92' lang='lat' dir='ltr'>el</span> <span class='ocrx_word' id='word_1_361' title='bbox 430 2541 542 2585; x_wconf 90' lang='lat' dir='ltr'>dicto</span> <span class='ocrx_word' id='word_1_362' title='bbox 555 2557 619 2586; x_wconf 89' lang='lat' dir='ltr'>ser</span> <span class='ocrx_word' id='word_1_363' title='bbox 637 2544 774 2586; x_wconf 86' lang='lat' dir='ltr'>Zuane</span> <span class='ocrx_word' id='word_1_364' title='bbox 794 2559 860 2586; x_wconf 88' lang='lat' dir='ltr'>me</span> <span class='ocrx_word' id='word_1_365' title='bbox 877 2542 1084 2586; x_wconf 85' lang='lat' dir='ltr'>domanda</span> <span class='ocrx_word' id='word_1_366' title='bbox 1100 2542 1200 2585; x_wconf 88' lang='lat' dir='ltr'>libre</span> <span class='ocrx_word' id='word_1_367' title='bbox 1221 2557 1313 2598; x_wconf 84' lang='lat'>141,</span> <span class='ocrx_word' id='word_1_368' title='bbox 1328 2558 1359 2585; x_wconf 91' lang='lat' dir='ltr'>s.</span> <span class='ocrx_word' id='word_1_369' title='bbox 1380 2543 1403 2585; x_wconf 88' lang='lat'>8</span> <span class='ocrx_word' id='word_1_370' title='bbox 1425 2540 1475 2584; x_wconf 87' lang='lat' dir='ltr'>de</span> <span class='ocrx_word' id='word_1_371' title='bbox 1498 2542 1647 2598; x_wconf 81' lang='lat' dir='ltr'>grossi,</span> 
     </span>
     <span class='ocr_line' id='line_1_32' title="bbox 159 2611 1649 2670; baseline -0.001 -15"><span class='ocrx_word' id='word_1_372' title='bbox 159 2611 296 2665; x_wconf 90' lang='lat' dir='ltr'>dicho,</span> <span class='ocrx_word' id='word_1_373' title='bbox 329 2612 404 2655; x_wconf 91' lang='lat' dir='ltr'>che</span> <span class='ocrx_word' id='word_1_374' title='bbox 435 2613 600 2670; x_wconf 87' lang='lat' dir='ltr'>quando</span> <span class='ocrx_word' id='word_1_375' title='bbox 633 2615 674 2657; x_wconf 90' lang='lat' dir='ltr'>io</span> <span class='ocrx_word' id='word_1_376' title='bbox 706 2614 733 2656; x_wconf 90' lang='lat' dir='ltr'>li</span> <span class='ocrx_word' id='word_1_377' title='bbox 768 2613 878 2657; x_wconf 83' lang='lat' dir='ltr'>fosse</span> <span class='ocrx_word' id='word_1_378' title='bbox 911 2613 1028 2656; x_wconf 87' lang='lat' dir='ltr'>stado</span> <span class='ocrx_word' id='word_1_379' title='bbox 1060 2612 1261 2667; x_wconf 85' lang='lat' dir='ltr'>debitore,</span> <span class='ocrx_word' id='word_1_380' title='bbox 1294 2628 1379 2656; x_wconf 92' lang='lat' dir='ltr'>non</span> <span class='ocrx_word' id='word_1_381' title='bbox 1416 2614 1531 2670; x_wconf 75' lang='lat' dir='ltr'>potra</span> <span class='ocrx_word' id='word_1_382' title='bbox 1573 2611 1649 2654; x_wconf 85' lang='lat' dir='ltr'>do-</span> 
     </span>
     <span class='ocr_line' id='line_1_33' title="bbox 161 2682 1646 2742; baseline -0.001 -16"><span class='ocrx_word' id='word_1_383' title='bbox 161 2682 355 2727; x_wconf 86' lang='lat' dir='ltr'>mandare</span> <span class='ocrx_word' id='word_1_384' title='bbox 382 2699 425 2726; x_wconf 89' lang='lat' dir='ltr'>se</span> <span class='ocrx_word' id='word_1_385' title='bbox 458 2699 542 2727; x_wconf 90' lang='lat' dir='ltr'>non</span> <span class='ocrx_word' id='word_1_386' title='bbox 573 2685 712 2742; x_wconf 87' lang='lat' dir='ltr'>quello</span> <span class='ocrx_word' id='word_1_387' title='bbox 744 2684 933 2728; x_wconf 80' lang='lat' dir='ltr'>dechiara</span> <span class='ocrx_word' id='word_1_388' title='bbox 967 2685 1001 2727; x_wconf 83' lang='lat' dir='ltr'>la</span> <span class='ocrx_word' id='word_1_389' title='bbox 1035 2696 1174 2727; x_wconf 82' lang='lat' dir='ltr'>nostra</span> <span class='ocrx_word' id='word_1_390' title='bbox 1209 2685 1407 2727; x_wconf 83' lang='lat' dir='ltr'>sententia</span> <span class='ocrx_word' id='word_1_391' title='bbox 1430 2682 1646 2732; x_wconf 76' lang='lat' dir='ltr'>albitraria,</span> 
     </span>
     <span class='ocr_line' id='line_1_34' title="bbox 108 2754 1648 2812; baseline -0.001 -14"><span class='ocrx_word' id='word_1_392' title='bbox 108 2787 114 2792; x_wconf 82' lang='lat'><em>-</em></span> <span class='ocrx_word' id='word_1_393' title='bbox 159 2770 232 2798; x_wconf 87' lang='lat' dir='ltr'>zoe</span> <span class='ocrx_word' id='word_1_394' title='bbox 265 2754 450 2812; x_wconf 85' lang='lat' dir='ltr'>segondo</span> <span class='ocrx_word' id='word_1_395' title='bbox 483 2756 518 2798; x_wconf 87' lang='lat' dir='ltr'>el</span> <span class='ocrx_word' id='word_1_396' title='bbox 551 2768 677 2800; x_wconf 91' lang='lat' dir='ltr'>conto</span> <span class='ocrx_word' id='word_1_397' title='bbox 710 2756 874 2799; x_wconf 87' lang='lat' dir='ltr'>mandai</span> <span class='ocrx_word' id='word_1_398' title='bbox 906 2756 956 2799; x_wconf 85' lang='lat' dir='ltr'>de</span> <span class='ocrx_word' id='word_1_399' title='bbox 983 2756 1017 2799; x_wconf 70' lang='lat'>151</span> <span class='ocrx_word' id='word_1_400' title='bbox 1046 2755 1120 2799; x_wconf 86' lang='lat' dir='ltr'>che</span> <span class='ocrx_word' id='word_1_401' title='bbox 1149 2755 1189 2799; x_wconf 92' lang='lat' dir='ltr'>fo</span> <span class='ocrx_word' id='word_1_402' title='bbox 1213 2755 1312 2798; x_wconf 83' lang='lat' dir='ltr'>libre</span> <span class='ocrx_word' id='word_1_403' title='bbox 1349 2769 1461 2811; x_wconf 80' lang='lat'>2354</span> <span class='ocrx_word' id='word_1_404' title='bbox 1492 2754 1541 2797; x_wconf 85' lang='lat' dir='ltr'>de</span> <span class='ocrx_word' id='word_1_405' title='bbox 1560 2768 1648 2796; x_wconf 89' lang='lat' dir='ltr'>cre-</span> 
     </span>
    </p>
   </div>
   <div class='ocr_carea' id='block_1_2' title="bbox 256 2907 805 2954">
    <p class='ocr_par' dir='ltr' id='par_1_3' title="bbox 256 2907 805 2954">
     <span class='ocr_line' id='line_1_35' title="bbox 256 2907 805 2954; baseline 0.002 -13"><span class='ocrx_word' id='word_1_406' title='bbox 256 2914 264 2932; x_wconf 91' lang='lat'><em>¹</em></span> <span class='ocrx_word' id='word_1_407' title='bbox 295 2907 394 2942; x_wconf 69' lang='lat' dir='ltr'>Deest</span> <span class='ocrx_word' id='word_1_408' title='bbox 419 2920 573 2942; x_wconf 69' lang='lat' dir='ltr'>maturus</span> <span class='ocrx_word' id='word_1_409' title='bbox 600 2921 805 2954; x_wconf 51' lang='lat' dir='ltr'>grossorum.</span> 
     </span>
    </p>
   </div>
  </div>
 </body>
</html>
