2201 3554
146 446 238 474 rum
265 430 425 473 domini
449 431 684 473 Iohannis
709 441 748 472 et
767 429 928 472 domini
952 429 1150 471 Nicolai
1174 443 1345 470 suorum
1369 427 1631 484 predecesso-

145 516 239 544 rum
259 517 403 558 papam
422 502 701 558 tangencium,
720 501 876 542 ratione
894 498 1160 542 cardinalium
1182 510 1445 541 mortuorum
1465 499 1519 540 86
1539 497 1628 539 flor.

144 573 231 615 auri
264 571 314 614 de
346 587 508 614 camera
541 572 617 614 sol.
658 585 707 627 14
739 582 777 614 et
808 571 900 614 den.
936 584 959 626 7
993 582 1181 627 tempore
1213 569 1352 612 debito
1380 584 1450 625 per
1483 584 1630 610 manus

143 642 350 686 dictorum
379 643 616 685 Iohannis
648 642 704 685 de
736 642 922 698 Campo
949 653 987 683 et
1015 641 1268 683 Laurentii
1300 640 1355 683 de
1388 639 1629 689 Albertis‚

145 713 251 756 solvi
284 712 391 756 fecit.
426 714 489 756 De
520 713 682 771 quibus.
726 713 881 755 Datum
916 711 968 770 [a.
1003 711 1129 770 1402]
1162 711 1227 754 die
1262 712 1313 753 28
1349 711 1506 752 mensis
1540 710 1628 752 Iulii

144 799 254 827 anno
286 784 400 827 XIII.

239 880 344 914 Arch.
367 879 446 914 Vat.
466 879 546 915 Obl.
565 889 598 914 et
621 881 682 914 sol.
707 889 746 924 59
769 879 788 912 s.
814 878 897 922 131¹.
917 900 960 903 —
980 878 1019 912 In
1044 880 1211 924 margine:
1237 878 1396 923 Episcopi
1419 877 1627 912 Culmensis.

235 989 301 1029 14.
328 984 552 1038 Arnoldus,
576 986 652 1028 Dei
676 986 804 1042 gratia
827 985 979 1026 electus
1005 986 1046 1026 in
1074 985 1313 1041 episcopum
1339 983 1627 1033 culmensem,

143 1071 217 1114 pro
249 1056 364 1099 totali
407 1056 613 1100 solutione
654 1057 715 1098 sui
754 1056 992 1098 communis
1036 1056 1189 1097 servitii
1224 1067 1307 1109 350
1333 1052 1427 1110 flor.
1462 1053 1553 1094 auri
1585 1052 1628 1094 dc

141 1142 295 1170 camera
332 1139 372 1170 et
412 1142 487 1184 pro
527 1127 643 1170 totali
686 1127 893 1169 solutione
935 1140 1107 1168 suorum
1148 1136 1326 1183 quatuor
1367 1125 1626 1166 minutorum

146 1211 226 1254 127
251 1197 348 1256 flor.
381 1197 448 1241 sol.
480 1211 531 1252 13
564 1206 595 1240 et
622 1198 707 1240 den.
737 1199 760 1239 3
794 1209 915 1254 atque
949 1212 1024 1254 pro
1050 1197 1360 1253 complemento
1392 1194 1527 1236 finalis
1561 1209 1628 1235 so-

141 1269 310 1311 lutionis
341 1269 582 1311 communis
614 1269 771 1310 servitii
803 1267 963 1310 domini
996 1267 1191 1310 Iohannis
1224 1265 1526 1323 predecessoris
1564 1265 1625 1306 sui

140 1354 211 1396 per
243 1340 379 1396 ipsum
406 1339 627 1382 dominum
661 1338 890 1382 Iohannem
923 1339 1117 1396 promissi
1145 1350 1183 1380 et
1216 1353 1300 1380 non
1333 1337 1458 1380 soluti
1485 1347 1524 1378 et
1556 1351 1627 1392 per

141 1408 318 1453 eundem
345 1409 566 1453 dominum
593 1409 829 1452 Arnoldum
858 1411 1059 1467 recogniti
1087 1423 1170 1464 312
1191 1408 1240 1466 fl.
1268 1410 1358 1451 anri
1383 1407 1452 1450 sol.
1481 1421 1532 1461 25
1563 1421 1627 1449 ca—

142 1494 267 1523 merae
292 1488 362 1538 per
395 1494 535 1522 manus
578 1480 772 1523 Iohannis
814 1481 864 1523 de
899 1480 1062 1537 Campo
1104 1479 1383 1536 procuratoris
1424 1477 1625 1535 generalis

140 1550 297 1594 ordinis
323 1549 437 1594 beate
464 1551 596 1593 Marie
624 1551 988 1593 Theotonicorurn
1015 1565 1060 1593 ac
1088 1550 1346 1592 Laurencii
1374 1548 1423 1591 de
1451 1546 1626 1590 Alber-

140 1621 204 1664 tis
220 1632 261 1664 et
281 1622 492 1664 sociorum
516 1632 794 1664 mercatorum
815 1621 1150 1663 Florentinorum
1169 1620 1294 1663 solvit.
1313 1620 1530 1662 Universis
1547 1629 1624 1660 etc.

142 1692 360 1736 Conradus
392 1703 469 1736 etc.
493 1720 549 1724 —
572 1691 774 1735 Bonifacii
808 1692 869 1734 IX
901 1707 1010 1734 anno
1036 1692 1166 1733 tercio
1187 1690 1366 1733 decimo.

993 1774 1152 1824 Romae,
1186 1787 1235 1827 31
1274 1772 1372 1815 Iulii
1407 1785 1534 1827 1402.

235 1870 340 1904 Arch.
359 1869 439 1904 Vat.
458 1869 537 1905 Obl.
557 1878 590 1904 et
612 1871 674 1904 sol.
698 1879 733 1914 53
761 1869 780 1903 f.
806 1872 891 1915 190².
911 1890 957 1894 —
975 1868 1015 1902 In
1039 1870 1205 1914 num-gine:
1232 1868 1391 1914 Episcopi
1414 1868 1623 1902 Culmensis.

231 1979 295 2020 15.
329 1976 649 2034 Archiepiscopns
683 1976 924 2031 Gneznensis
950 1984 1019 2032 per
1053 1989 1193 2017 manus
1226 1974 1415 2017 Ilarionis
1445 1975 1488 2016 dc
1522 1974 1626 2016 Bar-

137 2047 212 2100 dis,
243 2048 466 2090 mercatoris
500 2047 733 2098 Florentius,
765 2046 878 2089 solvit
910 2047 1112 2088 servitium
1145 2061 1360 2089 commune.

916 2153 1073 2204 Romae,
1106 2165 1157 2196 12
1195 2151 1371 2195 Octobris
1408 2166 1533 2208 1402.

228 2235 433 2278 Henricus
465 2246 540 2277 etc.
573 2235 683 2292 quod
706 2263 763 2266 —
785 2235 1043 2287 Nicolaus,
1077 2235 1155 2277 Dei
1187 2236 1315 2292 gratia
1349 2235 1625 2292 archiepisco-

138 2321 214 2363 pus
236 2306 493 2350 Gneznensis
514 2314 523 2332 ¹
549 2321 624 2362 pro
646 2317 758 2363 parte
780 2307 905 2362 partis
929 2307 990 2348 sui
1009 2306 1247 2348 communis
1271 2307 1426 2348 servitii
1453 2306 1504 2360 98
1530 2305 1622 2348 flor.

137 2377 225 2419 auri
256 2375 307 2419 de
338 2391 501 2420 camera
533 2377 609 2419 sol.
643 2389 698 2432 40
732 2387 899 2419 monete
934 2377 1121 2420 Romane
1153 2375 1287 2428 nobis,
1314 2391 1398 2419 non
1433 2375 1535 2418 facta
1562 2376 1624 2419 di-

136 2447 298 2490 visione
327 2447 379 2490 de
411 2448 574 2490 minuto
607 2448 790 2499 servitio,
824 2447 888 2490 die
920 2446 1012 2490 date
1044 2448 1298 2504 presentium
1332 2459 1520 2504 tempore
1553 2446 1624 2489 de-

138 2517 223 2561 bito
242 2532 314 2575 per
336 2533 483 2560 manus
511 2518 764 2560 Ylarionis
791 2516 841 2560 de
869 2517 1059 2570 Bardis‚
1085 2517 1356 2561 merchatoris
1380 2518 1621 2570 Florentini‚

137 2589 243 2632 solvi
277 2588 384 2632 fecit.
430 2616 486 2621 —
534 2590 598 2632 De
643 2589 805 2647 quibus.
840 2590 996 2632 Datum
1029 2589 1082 2648 [a.
1123 2589 1249 2647 1402]
1282 2589 1347 2632 die
1383 2603 1431 2632 12
1466 2590 1621 2632 mensis

139 2659 339 2704 Octobris
371 2660 634 2718 pontificatus
665 2687 722 2693 —
754 2676 863 2704 anno
895 2661 1008 2704 XIII.
1041 2689 1099 2692 —
1130 2661 1222 2704 flor.
1263 2676 1276 2703 1
1315 2676 1376 2718 gr.
1411 2675 1448 2704 2.

233 2754 338 2788 Arch.
362 2753 440 2788 Vat.
462 2753 542 2789 Obl.
563 2763 597 2789 et
623 2756 685 2789 sol.
714 2764 752 2800 59
775 2755 795 2789 s.
823 2754 906 2800 133¹.
926 2776 971 2780 -
989 2755 1029 2789 In
1052 2757 1222 2801 margine:
1250 2756 1511 2801 Archiepiscopi
1534 2755 1622 2790 Gez-

138 2813 255 2848 nensis
272 2812 333 2859 (Ξ).

234 2925 243 2944 ¹
272 2918 349 2954 MS.
376 2919 579 2955 Geznensis.
