<?xml version="1.0" encoding="UTF-8"?>
<!DOCTYPE html PUBLIC "-//W3C//DTD XHTML 1.0 Transitional//EN"
    "http://www.w3.org/TR/xhtml1/DTD/xhtml1-transitional.dtd">
<html xmlns="http://www.w3.org/1999/xhtml" xml:lang="en" lang="en">
 <head>
  <title>
</title>
<meta http-equiv="Content-Type" content="text/html;charset=utf-8" />
  <meta name='ocr-system' content='tesseract 3.04.00' />
  <meta name='ocr-capabilities' content='ocr_page ocr_carea ocr_par ocr_line ocrx_word'/>
</head>
<body>
  <div class='ocr_page' id='page_1' title='image "./italiamercatoria00ptanuoft/italiamercatoria00ptanuoft_0072.png"; bbox 0 0 2201 3554; ppageno 0'>
   <div class='ocr_carea' id='block_1_1' title="bbox 1123 308 1353 348">
    <p class='ocr_par' dir='ltr' id='par_1_1' title="bbox 1123 308 1353 348">
     <span class='ocr_line' id='line_1_1' title="bbox 1123 308 1353 348; baseline 0 -25"><span class='ocrx_word' id='word_1_1' title='bbox 1123 308 1353 348; x_wconf 62' lang='lat'><strong>-44-</strong></span> 
     </span>
    </p>
   </div>
   <div class='ocr_carea' id='block_1_2' title="bbox 496 399 2026 2949">
    <p class='ocr_par' dir='ltr' id='par_1_2' title="bbox 496 399 1986 884">
     <span class='ocr_line' id='line_1_2' title="bbox 498 399 1982 456; baseline -0.005 -9"><span class='ocrx_word' id='word_1_2' title='bbox 498 423 592 450; x_wconf 68' lang='lat' dir='ltr'>vere</span> <span class='ocrx_word' id='word_1_3' title='bbox 618 407 734 449; x_wconf 83' lang='lat' dir='ltr'>dehet</span> <span class='ocrx_word' id='word_1_4' title='bbox 761 405 871 448; x_wconf 79' lang='lat' dir='ltr'>dicto</span> <span class='ocrx_word' id='word_1_5' title='bbox 904 404 1076 447; x_wconf 77' lang='lat' dir='ltr'>Iohanni</span> <span class='ocrx_word' id='word_1_6' title='bbox 1105 404 1218 446; x_wconf 83' lang='lat' dir='ltr'>Bank</span> <span class='ocrx_word' id='word_1_7' title='bbox 1248 402 1410 446; x_wconf 86' lang='lat' dir='ltr'>easdem</span> <span class='ocrx_word' id='word_1_8' title='bbox 1448 415 1607 444; x_wconf 87' lang='lat' dir='ltr'>merces</span> <span class='ocrx_word' id='word_1_9' title='bbox 1640 399 1905 456; x_wconf 87' lang='lat' dir='ltr'>supradictas.</span> <span class='ocrx_word' id='word_1_10' title='bbox 1932 399 1982 441; x_wconf 89' lang='lat' dir='ltr'>Et</span> 
     </span>
     <span class='ocr_line' id='line_1_3' title="bbox 497 470 1982 531; baseline -0.006 -11"><span class='ocrx_word' id='word_1_11' title='bbox 497 478 650 520; x_wconf 82' lang='lat' dir='ltr'>idcirco</span> <span class='ocrx_word' id='word_1_12' title='bbox 684 476 931 518; x_wconf 78' lang='lat' dir='ltr'>remittimus</span> <span class='ocrx_word' id='word_1_13' title='bbox 955 490 1031 517; x_wconf 88' lang='lat' dir='ltr'>nos</span> <span class='ocrx_word' id='word_1_14' title='bbox 1058 474 1383 531; x_wconf 74' lang='lat' dir='ltr'>supranominati</span> <span class='ocrx_word' id='word_1_15' title='bbox 1411 488 1481 514; x_wconf 82' lang='lat' dir='ltr'>sex</span> <span class='ocrx_word' id='word_1_16' title='bbox 1504 471 1645 514; x_wconf 82' lang='lat' dir='ltr'>arbitri</span> <span class='ocrx_word' id='word_1_17' title='bbox 1677 470 1982 527; x_wconf 84' lang='lat' dir='ltr'>compositores</span> 
     </span>
     <span class='ocr_line' id='line_1_4' title="bbox 496 541 1983 607; baseline -0.007 -15"><span class='ocrx_word' id='word_1_18' title='bbox 496 549 698 607; x_wconf 84' lang='lat' dir='ltr'>prefatum</span> <span class='ocrx_word' id='word_1_19' title='bbox 742 547 969 590; x_wconf 79' lang='lat' dir='ltr'>Iohannem</span> <span class='ocrx_word' id='word_1_20' title='bbox 1014 545 1127 588; x_wconf 87' lang='lat' dir='ltr'>Bank</span> <span class='ocrx_word' id='word_1_21' title='bbox 1171 545 1218 588; x_wconf 93' lang='lat' dir='ltr'>ad</span> <span class='ocrx_word' id='word_1_22' title='bbox 1261 543 1528 602; x_wconf 87' lang='lat' dir='ltr'>repetendum</span> <span class='ocrx_word' id='word_1_23' title='bbox 1571 541 1774 599; x_wconf 88' lang='lat' dir='ltr'>predictas</span> <span class='ocrx_word' id='word_1_24' title='bbox 1821 555 1983 583; x_wconf 85' lang='lat' dir='ltr'>merces</span> 
     </span>
     <span class='ocr_line' id='line_1_5' title="bbox 497 611 1984 673; baseline -0.007 -10"><span class='ocrx_word' id='word_1_25' title='bbox 497 633 534 663; x_wconf 85' lang='lat' dir='ltr'>et</span> <span class='ocrx_word' id='word_1_26' title='bbox 578 620 683 662; x_wconf 87' lang='lat' dir='ltr'>hona</span> <span class='ocrx_word' id='word_1_27' title='bbox 726 635 796 661; x_wconf 83' lang='lat' dir='ltr'>sua</span> <span class='ocrx_word' id='word_1_28' title='bbox 835 629 902 659; x_wconf 90' lang='lat' dir='ltr'>aut</span> <span class='ocrx_word' id='word_1_29' title='bbox 947 617 1165 673; x_wconf 88' lang='lat' dir='ltr'>pecuniam</span> <span class='ocrx_word' id='word_1_30' title='bbox 1210 631 1284 673; x_wconf 90' lang='lat' dir='ltr'>pro</span> <span class='ocrx_word' id='word_1_31' title='bbox 1328 615 1406 657; x_wconf 90' lang='lat' dir='ltr'>hiis</span> <span class='ocrx_word' id='word_1_32' title='bbox 1450 630 1470 656; x_wconf 93' lang='lat' dir='ltr'>a</span> <span class='ocrx_word' id='word_1_33' title='bbox 1511 623 1746 656; x_wconf 85' lang='lat' dir='ltr'>memorato</span> <span class='ocrx_word' id='word_1_34' title='bbox 1779 611 1984 654; x_wconf 86' lang='lat' dir='ltr'>Michaele</span> 
     </span>
     <span class='ocr_line' id='line_1_6' title="bbox 497 683 1983 733; baseline -0.006 0"><span class='ocrx_word' id='word_1_35' title='bbox 497 691 690 733; x_wconf 80' lang='lat' dir='ltr'>Iohannis</span> <span class='ocrx_word' id='word_1_36' title='bbox 718 690 757 731; x_wconf 90' lang='lat' dir='ltr'>in</span> <span class='ocrx_word' id='word_1_37' title='bbox 785 688 972 730; x_wconf 75' lang='lat' dir='ltr'>Venetiis</span> <span class='ocrx_word' id='word_1_38' title='bbox 1005 688 1113 729; x_wconf 79' lang='lat' dir='ltr'>iuxta</span> <span class='ocrx_word' id='word_1_39' title='bbox 1147 699 1336 730; x_wconf 76' lang='lat' dir='ltr'>tenorem</span> <span class='ocrx_word' id='word_1_40' title='bbox 1370 684 1635 728; x_wconf 83' lang='lat' dir='ltr'>instrumenti</span> <span class='ocrx_word' id='word_1_41' title='bbox 1668 694 1707 725; x_wconf 89' lang='lat' dir='ltr'>et</span> <span class='ocrx_word' id='word_1_42' title='bbox 1734 683 1983 725; x_wconf 83' lang='lat' dir='ltr'>sententiam</span> 
     </span>
     <span class='ocr_line' id='line_1_7' title="bbox 497 754 1986 815; baseline -0.006 -11"><span class='ocrx_word' id='word_1_43' title='bbox 497 762 745 804; x_wconf 84' lang='lat' dir='ltr'>arbitrorum</span> <span class='ocrx_word' id='word_1_44' title='bbox 766 760 950 802; x_wconf 77' lang='lat' dir='ltr'>Venetiis</span> <span class='ocrx_word' id='word_1_45' title='bbox 973 759 1278 815; x_wconf 85' lang='lat' dir='ltr'>pronuntiatam</span> <span class='ocrx_word' id='word_1_46' title='bbox 1301 768 1340 799; x_wconf 90' lang='lat' dir='ltr'>et</span> <span class='ocrx_word' id='word_1_47' title='bbox 1362 758 1471 799; x_wconf 80' lang='lat' dir='ltr'>iuxta</span> <span class='ocrx_word' id='word_1_48' title='bbox 1498 756 1621 798; x_wconf 87' lang='lat' dir='ltr'>etiam</span> <span class='ocrx_word' id='word_1_49' title='bbox 1651 754 1861 812; x_wconf 85' lang='lat' dir='ltr'>propriam</span> <span class='ocrx_word' id='word_1_50' title='bbox 1885 768 1986 796; x_wconf 92' lang='lat' dir='ltr'>con-</span> 
     </span>
     <span class='ocr_line' id='line_1_8' title="bbox 499 822 1984 884; baseline -0.006 -10"><span class='ocrx_word' id='word_1_51' title='bbox 499 832 721 874; x_wconf 83' lang='lat' dir='ltr'>sessionem</span> <span class='ocrx_word' id='word_1_52' title='bbox 755 829 957 872; x_wconf 87' lang='lat' dir='ltr'>Anthonii</span> <span class='ocrx_word' id='word_1_53' title='bbox 990 828 1186 870; x_wconf 85' lang='lat' dir='ltr'>Iohannis</span> <span class='ocrx_word' id='word_1_54' title='bbox 1228 825 1450 884; x_wconf 81' lang='lat' dir='ltr'>supradicti</span> <span class='ocrx_word' id='word_1_55' title='bbox 1495 840 1637 868; x_wconf 87' lang='lat' dir='ltr'>coram</span> <span class='ocrx_word' id='word_1_56' title='bbox 1665 823 1785 867; x_wconf 88' lang='lat' dir='ltr'>nobis</span> <span class='ocrx_word' id='word_1_57' title='bbox 1819 822 1984 866; x_wconf 85' lang='lat' dir='ltr'>factam.</span> 
     </span>
    </p>

    <p class='ocr_par' dir='ltr' id='par_1_3' title="bbox 496 894 2026 1311">
     <span class='ocr_line' id='line_1_9' title="bbox 585 894 1986 958; baseline -0.006 -14"><span class='ocrx_word' id='word_1_58' title='bbox 585 903 809 958; x_wconf 87' lang='lat' dir='ltr'>Hucusque</span> <span class='ocrx_word' id='word_1_59' title='bbox 827 911 887 942; x_wconf 89' lang='lat' dir='ltr'>est</span> <span class='ocrx_word' id='word_1_60' title='bbox 903 911 1022 942; x_wconf 92' lang='lat' dir='ltr'>tenor</span> <span class='ocrx_word' id='word_1_61' title='bbox 1039 899 1264 942; x_wconf 83' lang='lat' dir='ltr'>verborum</span> <span class='ocrx_word' id='word_1_62' title='bbox 1284 898 1444 940; x_wconf 87' lang='lat' dir='ltr'>articuli</span> <span class='ocrx_word' id='word_1_63' title='bbox 1459 894 1681 953; x_wconf 87' lang='lat' dir='ltr'>supradicti</span> <span class='ocrx_word' id='word_1_64' title='bbox 1697 895 1856 951; x_wconf 90' lang='lat' dir='ltr'>precise</span> <span class='ocrx_word' id='word_1_65' title='bbox 1872 894 1927 936; x_wconf 88' lang='lat' dir='ltr'>ita</span> <span class='ocrx_word' id='word_1_66' title='bbox 1943 894 1986 936; x_wconf 89' lang='lat' dir='ltr'>in</span> 
     </span>
     <span class='ocr_line' id='line_1_10' title="bbox 498 965 2026 1025; baseline -0.007 -9"><span class='ocrx_word' id='word_1_67' title='bbox 498 974 696 1016; x_wconf 89' lang='lat' dir='ltr'>sententia</span> <span class='ocrx_word' id='word_1_68' title='bbox 720 988 767 1014; x_wconf 82' lang='lat' dir='ltr'>ex</span> <span class='ocrx_word' id='word_1_69' title='bbox 790 971 1000 1013; x_wconf 90' lang='lat' dir='ltr'>teutonico</span> <span class='ocrx_word' id='word_1_70' title='bbox 1024 970 1103 1012; x_wconf 89' lang='lat' dir='ltr'>huc</span> <span class='ocrx_word' id='word_1_71' title='bbox 1135 969 1369 1020; x_wconf 87' lang='lat' dir='ltr'>translatus,</span> <span class='ocrx_word' id='word_1_72' title='bbox 1398 978 1520 1025; x_wconf 90' lang='lat' dir='ltr'>prout</span> <span class='ocrx_word' id='word_1_73' title='bbox 1547 968 1588 1009; x_wconf 89' lang='lat' dir='ltr'>in</span> <span class='ocrx_word' id='word_1_74' title='bbox 1616 965 1769 1023; x_wconf 85' lang='lat' dir='ltr'>prefata</span> <span class='ocrx_word' id='word_1_75' title='bbox 1802 979 1986 1022; x_wconf 88' lang='lat' dir='ltr'>pronun·</span> <span class='ocrx_word' id='word_1_76' title='bbox 2024 1004 2026 1006; x_wconf 76' lang='grc'>,</span> 
     </span>
     <span class='ocr_line' id='line_1_11' title="bbox 496 1035 1989 1098; baseline -0.007 -11"><span class='ocrx_word' id='word_1_77' title='bbox 496 1044 678 1087; x_wconf 89' lang='lat' dir='ltr'>tiationis</span> <span class='ocrx_word' id='word_1_78' title='bbox 711 1043 910 1085; x_wconf 88' lang='lat' dir='ltr'>sententia</span> <span class='ocrx_word' id='word_1_79' title='bbox 943 1042 1190 1092; x_wconf 85' lang='lat' dir='ltr'>continetur,</span> <span class='ocrx_word' id='word_1_80' title='bbox 1213 1056 1291 1098; x_wconf 88' lang='lat' dir='ltr'>que</span> <span class='ocrx_word' id='word_1_81' title='bbox 1319 1039 1521 1082; x_wconf 89' lang='lat' dir='ltr'>sententia</span> <span class='ocrx_word' id='word_1_82' title='bbox 1553 1053 1696 1080; x_wconf 91' lang='lat' dir='ltr'>coram</span> <span class='ocrx_word' id='word_1_83' title='bbox 1725 1035 1858 1089; x_wconf 89' lang='lat' dir='ltr'>nobis,</span> <span class='ocrx_word' id='word_1_84' title='bbox 1886 1051 1989 1079; x_wconf 91' lang='lat' dir='ltr'>con-</span> 
     </span>
     <span class='ocr_line' id='line_1_12' title="bbox 498 1107 1986 1166; baseline -0.006 -8"><span class='ocrx_word' id='word_1_85' title='bbox 498 1114 654 1158; x_wconf 88' lang='lat' dir='ltr'>sulibus</span> <span class='ocrx_word' id='word_1_86' title='bbox 687 1115 862 1157; x_wconf 81' lang='lat' dir='ltr'>civitatis</span> <span class='ocrx_word' id='word_1_87' title='bbox 891 1112 1197 1166; x_wconf 84' lang='lat' dir='ltr'>Cracoviensis‚</span> <span class='ocrx_word' id='word_1_88' title='bbox 1230 1112 1333 1154; x_wconf 87' lang='lat' dir='ltr'>lecta</span> <span class='ocrx_word' id='word_1_89' title='bbox 1365 1122 1427 1154; x_wconf 91' lang='lat' dir='ltr'>est</span> <span class='ocrx_word' id='word_1_90' title='bbox 1452 1120 1492 1152; x_wconf 88' lang='lat' dir='ltr'>et</span> <span class='ocrx_word' id='word_1_91' title='bbox 1523 1108 1572 1152; x_wconf 88' lang='lat' dir='ltr'>ab</span> <span class='ocrx_word' id='word_1_92' title='bbox 1605 1120 1777 1165; x_wconf 87' lang='lat' dir='ltr'>utraque</span> <span class='ocrx_word' id='word_1_93' title='bbox 1808 1107 1986 1165; x_wconf 89' lang='lat' dir='ltr'>partium</span> 
     </span>
     <span class='ocr_line' id='line_1_13' title="bbox 497 1175 1988 1244; baseline -0.007 -15"><span class='ocrx_word' id='word_1_94' title='bbox 497 1186 770 1244; x_wconf 86' lang='lat' dir='ltr'>predictarum</span> <span class='ocrx_word' id='word_1_95' title='bbox 811 1194 1035 1241; x_wconf 87' lang='lat' dir='ltr'>assumpta,</span> <span class='ocrx_word' id='word_1_96' title='bbox 1074 1181 1148 1225; x_wconf 89' lang='lat' dir='ltr'>sub</span> <span class='ocrx_word' id='word_1_97' title='bbox 1190 1198 1291 1239; x_wconf 88' lang='lat' dir='ltr'>pena</span> <span class='ocrx_word' id='word_1_98' title='bbox 1330 1190 1591 1238; x_wconf 87' lang='lat' dir='ltr'>supranotata</span> <span class='ocrx_word' id='word_1_99' title='bbox 1633 1178 1809 1221; x_wconf 87' lang='lat' dir='ltr'>firmiter</span> <span class='ocrx_word' id='word_1_100' title='bbox 1845 1175 1988 1221; x_wconf 89' lang='lat' dir='ltr'>obser-</span> 
     </span>
     <span class='ocr_line' id='line_1_14' title="bbox 498 1252 1868 1311; baseline -0.005 -10"><span class='ocrx_word' id='word_1_101' title='bbox 498 1257 643 1311; x_wconf 76' lang='lat' dir='ltr'>vanda,</span> <span class='ocrx_word' id='word_1_102' title='bbox 671 1259 711 1300; x_wconf 90' lang='lat' dir='ltr'>in</span> <span class='ocrx_word' id='word_1_103' title='bbox 739 1256 934 1300; x_wconf 83' lang='lat' dir='ltr'>omnibus</span> <span class='ocrx_word' id='word_1_104' title='bbox 968 1256 1052 1298; x_wconf 90' lang='lat' dir='ltr'>suis</span> <span class='ocrx_word' id='word_1_105' title='bbox 1084 1255 1293 1307; x_wconf 76' lang='lat' dir='ltr'>clausulis,</span> <span class='ocrx_word' id='word_1_106' title='bbox 1326 1254 1506 1297; x_wconf 85' lang='lat' dir='ltr'>articulis</span> <span class='ocrx_word' id='word_1_107' title='bbox 1539 1263 1660 1310; x_wconf 86' lang='lat' dir='ltr'>atque</span> <span class='ocrx_word' id='word_1_108' title='bbox 1692 1252 1868 1309; x_wconf 90' lang='lat' dir='ltr'>punctis.</span> 
     </span>
    </p>

    <p class='ocr_par' dir='ltr' id='par_1_4' title="bbox 499 1321 1996 2364">
     <span class='ocr_line' id='line_1_15' title="bbox 589 1321 1990 1386; baseline -0.006 -14"><span class='ocrx_word' id='word_1_109' title='bbox 589 1329 947 1386; x_wconf 83' lang='lat' dir='ltr'>Recognoscimus</span> <span class='ocrx_word' id='word_1_110' title='bbox 981 1339 1163 1384; x_wconf 89' lang='lat' dir='ltr'>preterea</span> <span class='ocrx_word' id='word_1_111' title='bbox 1185 1341 1263 1368; x_wconf 86' lang='lat' dir='ltr'>nos</span> <span class='ocrx_word' id='word_1_112' title='bbox 1286 1326 1488 1383; x_wconf 89' lang='lat' dir='ltr'>prenotati</span> <span class='ocrx_word' id='word_1_113' title='bbox 1512 1323 1703 1367; x_wconf 88' lang='lat' dir='ltr'>consules</span> <span class='ocrx_word' id='word_1_114' title='bbox 1729 1321 1892 1380; x_wconf 89' lang='lat' dir='ltr'>publice</span> <span class='ocrx_word' id='word_1_115' title='bbox 1917 1337 1990 1379; x_wconf 89' lang='lat' dir='ltr'>per</span> 
     </span>
     <span class='ocr_line' id='line_1_16' title="bbox 499 1392 1990 1458; baseline -0.006 -15"><span class='ocrx_word' id='word_1_116' title='bbox 499 1412 722 1458; x_wconf 85' lang='lat' dir='ltr'>presentes,</span> <span class='ocrx_word' id='word_1_117' title='bbox 755 1398 865 1456; x_wconf 89' lang='lat' dir='ltr'>quod</span> <span class='ocrx_word' id='word_1_118' title='bbox 898 1398 1109 1440; x_wconf 86' lang='lat' dir='ltr'>venientes</span> <span class='ocrx_word' id='word_1_119' title='bbox 1141 1396 1188 1439; x_wconf 90' lang='lat' dir='ltr'>ad</span> <span class='ocrx_word' id='word_1_120' title='bbox 1223 1406 1410 1438; x_wconf 90' lang='lat' dir='ltr'>nostram</span> <span class='ocrx_word' id='word_1_121' title='bbox 1443 1395 1694 1452; x_wconf 82' lang='lat' dir='ltr'>presentiam</span> <span class='ocrx_word' id='word_1_122' title='bbox 1727 1392 1990 1436; x_wconf 89' lang='lat' dir='ltr'>consularem</span> 
     </span>
     <span class='ocr_line' id='line_1_17' title="bbox 501 1465 1993 1522; baseline -0.005 -8"><span class='ocrx_word' id='word_1_123' title='bbox 501 1472 663 1515; x_wconf 93' lang='lat' dir='ltr'>honesti</span> <span class='ocrx_word' id='word_1_124' title='bbox 695 1471 773 1513; x_wconf 68' lang='lat' dir='ltr'>viri</span> <span class='ocrx_word' id='word_1_125' title='bbox 797 1469 1034 1512; x_wconf 84' lang='lat' dir='ltr'>Anthonius</span> <span class='ocrx_word' id='word_1_126' title='bbox 1066 1467 1262 1511; x_wconf 86' lang='lat' dir='ltr'>Iohannis</span> <span class='ocrx_word' id='word_1_127' title='bbox 1289 1466 1338 1510; x_wconf 89' lang='lat' dir='ltr'>de</span> <span class='ocrx_word' id='word_1_128' title='bbox 1362 1467 1583 1518; x_wconf 76' lang='lat' dir='ltr'>Florentia,</span> <span class='ocrx_word' id='word_1_129' title='bbox 1607 1465 1823 1522; x_wconf 87' lang='lat' dir='ltr'>supparius</span> <span class='ocrx_word' id='word_1_130' title='bbox 1850 1479 1993 1521; x_wconf 86' lang='lat' dir='ltr'>supra-</span> 
     </span>
     <span class='ocr_line' id='line_1_18' title="bbox 500 1535 1993 1597; baseline -0.006 -11"><span class='ocrx_word' id='word_1_131' title='bbox 500 1544 633 1587; x_wconf 89' lang='lat' dir='ltr'>dictus</span> <span class='ocrx_word' id='word_1_132' title='bbox 666 1553 704 1585; x_wconf 89' lang='lat' dir='ltr'>et</span> <span class='ocrx_word' id='word_1_133' title='bbox 732 1539 968 1597; x_wconf 73' lang='lat' dir='ltr'>Raynaldus</span> <span class='ocrx_word' id='word_1_134' title='bbox 1002 1539 1216 1581; x_wconf 89' lang='lat' dir='ltr'>familiaris</span> <span class='ocrx_word' id='word_1_135' title='bbox 1249 1539 1351 1590; x_wconf 90' lang='lat' dir='ltr'>eius,</span> <span class='ocrx_word' id='word_1_136' title='bbox 1378 1547 1713 1594; x_wconf 76' lang='lat' dir='ltr'>recognoverunt</span> <span class='ocrx_word' id='word_1_137' title='bbox 1739 1547 1779 1578; x_wconf 94' lang='lat' dir='ltr'>et</span> <span class='ocrx_word' id='word_1_138' title='bbox 1811 1535 1993 1578; x_wconf 89' lang='lat' dir='ltr'>confessi</span> 
     </span>
     <span class='ocr_line' id='line_1_19' title="bbox 503 1605 1991 1665; baseline -0.006 -9"><span class='ocrx_word' id='word_1_139' title='bbox 503 1624 597 1656; x_wconf 91' lang='lat' dir='ltr'>sunt</span> <span class='ocrx_word' id='word_1_140' title='bbox 628 1612 860 1655; x_wconf 71' lang='lat' dir='ltr'>voluntarie</span> <span class='ocrx_word' id='word_1_141' title='bbox 891 1625 1033 1652; x_wconf 86' lang='lat' dir='ltr'>coram</span> <span class='ocrx_word' id='word_1_142' title='bbox 1076 1608 1210 1661; x_wconf 86' lang='lat' dir='ltr'>nobis,</span> <span class='ocrx_word' id='word_1_143' title='bbox 1243 1607 1354 1665; x_wconf 90' lang='lat' dir='ltr'>quod</span> <span class='ocrx_word' id='word_1_144' title='bbox 1398 1623 1557 1650; x_wconf 87' lang='lat' dir='ltr'>merces</span> <span class='ocrx_word' id='word_1_145' title='bbox 1590 1618 1628 1649; x_wconf 92' lang='lat' dir='ltr'>et</span> <span class='ocrx_word' id='word_1_146' title='bbox 1661 1606 1768 1648; x_wconf 88' lang='lat' dir='ltr'>bona</span> <span class='ocrx_word' id='word_1_147' title='bbox 1801 1606 1844 1648; x_wconf 92' lang='lat' dir='ltr'>in</span> <span class='ocrx_word' id='word_1_148' title='bbox 1875 1605 1991 1648; x_wconf 88' lang='lat' dir='ltr'>vario</span> 
     </span>
     <span class='ocr_line' id='line_1_20' title="bbox 502 1676 1993 1727; baseline -0.006 0"><span class='ocrx_word' id='word_1_149' title='bbox 502 1696 542 1727; x_wconf 89' lang='lat' dir='ltr'>et</span> <span class='ocrx_word' id='word_1_150' title='bbox 573 1683 747 1726; x_wconf 89' lang='lat' dir='ltr'>cremesi</span> <span class='ocrx_word' id='word_1_151' title='bbox 789 1683 898 1724; x_wconf 81' lang='lat' dir='ltr'>iuxta</span> <span class='ocrx_word' id='word_1_152' title='bbox 941 1680 1239 1723; x_wconf 86' lang='lat' dir='ltr'>continentiam</span> <span class='ocrx_word' id='word_1_153' title='bbox 1281 1679 1547 1722; x_wconf 89' lang='lat' dir='ltr'>instrumenti</span> <span class='ocrx_word' id='word_1_154' title='bbox 1590 1676 1640 1720; x_wconf 89' lang='lat' dir='ltr'>de</span> <span class='ocrx_word' id='word_1_155' title='bbox 1673 1677 1860 1719; x_wconf 90' lang='lat' dir='ltr'>Venetiis</span> <span class='ocrx_word' id='word_1_156' title='bbox 1898 1687 1993 1719; x_wconf 89' lang='lat' dir='ltr'>sunt</span> 
     </span>
     <span class='ocr_line' id='line_1_21' title="bbox 501 1746 1994 1807; baseline -0.005 -10"><span class='ocrx_word' id='word_1_157' title='bbox 501 1754 696 1797; x_wconf 81' lang='lat' dir='ltr'>Iohannis</span> <span class='ocrx_word' id='word_1_158' title='bbox 724 1753 837 1796; x_wconf 87' lang='lat' dir='ltr'>Bank</span> <span class='ocrx_word' id='word_1_159' title='bbox 869 1751 918 1795; x_wconf 92' lang='lat' dir='ltr'>de</span> <span class='ocrx_word' id='word_1_160' title='bbox 945 1751 1209 1794; x_wconf 54' lang='lat' dir='ltr'>XVratislavia</span> <span class='ocrx_word' id='word_1_161' title='bbox 1242 1752 1285 1793; x_wconf 87' lang='lat' dir='ltr'>in</span> <span class='ocrx_word' id='word_1_162' title='bbox 1317 1761 1356 1793; x_wconf 95' lang='lat' dir='ltr'>et</span> <span class='ocrx_word' id='word_1_163' title='bbox 1389 1751 1473 1792; x_wconf 88' lang='lat' dir='ltr'>suis</span> <span class='ocrx_word' id='word_1_164' title='bbox 1506 1749 1695 1807; x_wconf 83' lang='lat' dir='ltr'>expensis</span> <span class='ocrx_word' id='word_1_165' title='bbox 1728 1758 1767 1790; x_wconf 88' lang='lat' dir='ltr'>et</span> <span class='ocrx_word' id='word_1_166' title='bbox 1799 1746 1994 1805; x_wconf 87' lang='lat' dir='ltr'>periculis</span> 
     </span>
     <span class='ocr_line' id='line_1_22' title="bbox 502 1819 1995 1879; baseline -0.005 -11"><span class='ocrx_word' id='word_1_167' title='bbox 502 1826 698 1868; x_wconf 88' lang='lat' dir='ltr'>Venetias</span> <span class='ocrx_word' id='word_1_168' title='bbox 730 1824 972 1867; x_wconf 88' lang='lat' dir='ltr'>transmissa</span> <span class='ocrx_word' id='word_1_169' title='bbox 1005 1838 1075 1879; x_wconf 89' lang='lat' dir='ltr'>per</span> <span class='ocrx_word' id='word_1_170' title='bbox 1102 1822 1375 1864; x_wconf 86' lang='lat' dir='ltr'>Henselinum</span> <span class='ocrx_word' id='word_1_171' title='bbox 1403 1820 1452 1864; x_wconf 90' lang='lat' dir='ltr'>de</span> <span class='ocrx_word' id='word_1_172' title='bbox 1475 1821 1602 1872; x_wconf 90' lang='lat' dir='ltr'>Rosa,</span> <span class='ocrx_word' id='word_1_173' title='bbox 1626 1819 1876 1862; x_wconf 86' lang='lat' dir='ltr'>familiarem</span> <span class='ocrx_word' id='word_1_174' title='bbox 1902 1832 1995 1875; x_wconf 90' lang='lat' dir='ltr'>pre-</span> 
     </span>
     <span class='ocr_line' id='line_1_23' title="bbox 501 1890 1996 1951; baseline -0.005 -12"><span class='ocrx_word' id='word_1_175' title='bbox 501 1896 599 1939; x_wconf 90' lang='lat' dir='ltr'>dicti</span> <span class='ocrx_word' id='word_1_176' title='bbox 621 1895 823 1938; x_wconf 87' lang='lat' dir='ltr'>Anthonii</span> <span class='ocrx_word' id='word_1_177' title='bbox 844 1894 1036 1951; x_wconf 86' lang='lat' dir='ltr'>supparii,</span> <span class='ocrx_word' id='word_1_178' title='bbox 1059 1903 1098 1936; x_wconf 91' lang='lat' dir='ltr'>et</span> <span class='ocrx_word' id='word_1_179' title='bbox 1121 1893 1349 1950; x_wconf 86' lang='lat' dir='ltr'>specialiter</span> <span class='ocrx_word' id='word_1_180' title='bbox 1375 1893 1461 1949; x_wconf 90' lang='lat' dir='ltr'>ipse</span> <span class='ocrx_word' id='word_1_181' title='bbox 1483 1891 1724 1934; x_wconf 88' lang='lat' dir='ltr'>Anthonius</span> <span class='ocrx_word' id='word_1_182' title='bbox 1749 1890 1996 1947; x_wconf 84' lang='lat' dir='ltr'>recognovit</span> 
     </span>
     <span class='ocr_line' id='line_1_24' title="bbox 503 1963 1995 2023; baseline -0.003 -13"><span class='ocrx_word' id='word_1_183' title='bbox 503 1979 542 2011; x_wconf 92' lang='lat' dir='ltr'>et</span> <span class='ocrx_word' id='word_1_184' title='bbox 574 1967 788 2010; x_wconf 90' lang='lat' dir='ltr'>confessus</span> <span class='ocrx_word' id='word_1_185' title='bbox 820 1978 894 2020; x_wconf 82' lang='lat' dir='ltr'>est,</span> <span class='ocrx_word' id='word_1_186' title='bbox 929 1981 971 2008; x_wconf 91' lang='lat' dir='ltr'>se</span> <span class='ocrx_word' id='word_1_187' title='bbox 1003 1981 1215 2023; x_wconf 88' lang='lat' dir='ltr'>nunquam</span> <span class='ocrx_word' id='word_1_188' title='bbox 1248 1980 1323 2022; x_wconf 92' lang='lat' dir='ltr'>pro</span> <span class='ocrx_word' id='word_1_189' title='bbox 1356 1963 1512 2007; x_wconf 90' lang='lat' dir='ltr'>eisdem</span> <span class='ocrx_word' id='word_1_190' title='bbox 1541 1964 1661 2007; x_wconf 87' lang='lat' dir='ltr'>bonis</span> <span class='ocrx_word' id='word_1_191' title='bbox 1689 1975 1728 2007; x_wconf 92' lang='lat' dir='ltr'>et</span> <span class='ocrx_word' id='word_1_192' title='bbox 1756 1963 1995 2006; x_wconf 85' lang='lat' dir='ltr'>mercantiis</span> 
     </span>
     <span class='ocr_line' id='line_1_25' title="bbox 504 2035 1996 2095; baseline -0.003 -14"><span class='ocrx_word' id='word_1_193' title='bbox 504 2039 716 2095; x_wconf 89' lang='lat' dir='ltr'>scripsisse</span> <span class='ocrx_word' id='word_1_194' title='bbox 750 2037 861 2080; x_wconf 82' lang='lat' dir='ltr'>fratri</span> <span class='ocrx_word' id='word_1_195' title='bbox 895 2052 970 2079; x_wconf 92' lang='lat' dir='ltr'>suo</span> <span class='ocrx_word' id='word_1_196' title='bbox 1003 2035 1211 2089; x_wconf 86' lang='lat' dir='ltr'>Michaeli,</span> <span class='ocrx_word' id='word_1_197' title='bbox 1244 2035 1355 2094; x_wconf 88' lang='lat' dir='ltr'>quod</span> <span class='ocrx_word' id='word_1_198' title='bbox 1389 2035 1533 2078; x_wconf 89' lang='lat' dir='ltr'>eedem</span> <span class='ocrx_word' id='word_1_199' title='bbox 1566 2035 1793 2078; x_wconf 88' lang='lat' dir='ltr'>mercantie</span> <span class='ocrx_word' id='word_1_200' title='bbox 1825 2050 1900 2077; x_wconf 90' lang='lat' dir='ltr'>sue</span> <span class='ocrx_word' id='word_1_201' title='bbox 1931 2049 1996 2078; x_wconf 91' lang='lat' dir='ltr'>es-</span> 
     </span>
     <span class='ocr_line' id='line_1_26' title="bbox 504 2104 1996 2164; baseline -0.003 -13"><span class='ocrx_word' id='word_1_202' title='bbox 504 2119 594 2151; x_wconf 89' lang='lat' dir='ltr'>sent</span> <span class='ocrx_word' id='word_1_203' title='bbox 614 2108 678 2150; x_wconf 73' lang='lat' dir='ltr'>vel</span> <span class='ocrx_word' id='word_1_204' title='bbox 701 2107 751 2150; x_wconf 92' lang='lat' dir='ltr'>ad</span> <span class='ocrx_word' id='word_1_205' title='bbox 774 2123 816 2150; x_wconf 90' lang='lat' dir='ltr'>se</span> <span class='ocrx_word' id='word_1_206' title='bbox 837 2108 1102 2164; x_wconf 88' lang='lat' dir='ltr'>pertinerent,</span> <span class='ocrx_word' id='word_1_207' title='bbox 1121 2117 1159 2149; x_wconf 92' lang='lat' dir='ltr'>et</span> <span class='ocrx_word' id='word_1_208' title='bbox 1181 2107 1322 2160; x_wconf 87' lang='lat' dir='ltr'>etiam,</span> <span class='ocrx_word' id='word_1_209' title='bbox 1343 2105 1454 2164; x_wconf 88' lang='lat' dir='ltr'>quod</span> <span class='ocrx_word' id='word_1_210' title='bbox 1472 2121 1687 2163; x_wconf 90' lang='lat' dir='ltr'>nunquam</span> <span class='ocrx_word' id='word_1_211' title='bbox 1711 2105 1787 2148; x_wconf 84' lang='lat' dir='ltr'>fuit</span> <span class='ocrx_word' id='word_1_212' title='bbox 1806 2104 1856 2148; x_wconf 93' lang='lat' dir='ltr'>de</span> <span class='ocrx_word' id='word_1_213' title='bbox 1878 2120 1996 2148; x_wconf 89' lang='lat' dir='ltr'>man-</span> 
     </span>
     <span class='ocr_line' id='line_1_27' title="bbox 503 2175 1995 2235; baseline -0.002 -13"><span class='ocrx_word' id='word_1_214' title='bbox 503 2179 599 2222; x_wconf 87' lang='lat' dir='ltr'>dato</span> <span class='ocrx_word' id='word_1_215' title='bbox 621 2190 660 2222; x_wconf 91' lang='lat' dir='ltr'>et</span> <span class='ocrx_word' id='word_1_216' title='bbox 681 2179 891 2221; x_wconf 77' lang='lat' dir='ltr'>voluntate</span> <span class='ocrx_word' id='word_1_217' title='bbox 915 2193 1000 2230; x_wconf 82' lang='lat' dir='ltr'>sua,</span> <span class='ocrx_word' id='word_1_218' title='bbox 1023 2177 1133 2235; x_wconf 89' lang='lat' dir='ltr'>quod</span> <span class='ocrx_word' id='word_1_219' title='bbox 1167 2177 1309 2220; x_wconf 88' lang='lat' dir='ltr'>eadem</span> <span class='ocrx_word' id='word_1_220' title='bbox 1344 2177 1451 2219; x_wconf 87' lang='lat' dir='ltr'>bona</span> <span class='ocrx_word' id='word_1_221' title='bbox 1484 2188 1523 2219; x_wconf 92' lang='lat' dir='ltr'>et</span> <span class='ocrx_word' id='word_1_222' title='bbox 1557 2177 1782 2220; x_wconf 88' lang='lat' dir='ltr'>mercantie</span> <span class='ocrx_word' id='word_1_223' title='bbox 1814 2175 1995 2233; x_wconf 86' lang='lat' dir='ltr'>predicte</span> 
     </span>
     <span class='ocr_line' id='line_1_28' title="bbox 505 2245 1996 2307; baseline -0.003 -14"><span class='ocrx_word' id='word_1_224' title='bbox 505 2251 653 2307; x_wconf 91' lang='lat' dir='ltr'>scripte</span> <span class='ocrx_word' id='word_1_225' title='bbox 680 2261 776 2292; x_wconf 87' lang='lat' dir='ltr'>sunt</span> <span class='ocrx_word' id='word_1_226' title='bbox 797 2249 984 2292; x_wconf 84' lang='lat' dir='ltr'>Venetiis</span> <span class='ocrx_word' id='word_1_227' title='bbox 1011 2249 1053 2290; x_wconf 90' lang='lat' dir='ltr'>in</span> <span class='ocrx_word' id='word_1_228' title='bbox 1079 2247 1209 2291; x_wconf 91' lang='lat' dir='ltr'>domo</span> <span class='ocrx_word' id='word_1_229' title='bbox 1233 2248 1570 2290; x_wconf 88' lang='lat' dir='ltr'>Teutonicorum</span> <span class='ocrx_word' id='word_1_230' title='bbox 1603 2262 1678 2305; x_wconf 91' lang='lat' dir='ltr'>pro</span> <span class='ocrx_word' id='word_1_231' title='bbox 1710 2245 1834 2290; x_wconf 91' lang='lat' dir='ltr'>bonis</span> <span class='ocrx_word' id='word_1_232' title='bbox 1866 2247 1996 2304; x_wconf 89' lang='lat' dir='ltr'>ipsius</span> 
     </span>
     <span class='ocr_line' id='line_1_29' title="bbox 505 2320 948 2364; baseline -0.007 0"><span class='ocrx_word' id='word_1_233' title='bbox 505 2321 705 2364; x_wconf 86' lang='lat' dir='ltr'>Anthonii</span> <span class='ocrx_word' id='word_1_234' title='bbox 738 2320 948 2363; x_wconf 89' lang='lat' dir='ltr'>Iohannis.</span> 
     </span>
    </p>

    <p class='ocr_par' dir='ltr' id='par_1_5' title="bbox 503 2389 1999 2876">
     <span class='ocr_line' id='line_1_30' title="bbox 594 2389 1998 2448; baseline -0.002 -13"><span class='ocrx_word' id='word_1_235' title='bbox 594 2393 783 2435; x_wconf 90' lang='lat' dir='ltr'>Preterea</span> <span class='ocrx_word' id='word_1_236' title='bbox 811 2389 1048 2447; x_wconf 86' lang='lat' dir='ltr'>Reynaldus</span> <span class='ocrx_word' id='word_1_237' title='bbox 1082 2390 1293 2433; x_wconf 85' lang='lat' dir='ltr'>familiaris</span> <span class='ocrx_word' id='word_1_238' title='bbox 1326 2389 1495 2447; x_wconf 87' lang='lat' dir='ltr'>predicti</span> <span class='ocrx_word' id='word_1_239' title='bbox 1518 2390 1720 2433; x_wconf 86' lang='lat' dir='ltr'>Anthonii</span> <span class='ocrx_word' id='word_1_240' title='bbox 1753 2389 1998 2448; x_wconf 87' lang='lat' dir='ltr'>recognovit</span> 
     </span>
     <span class='ocr_line' id='line_1_31' title="bbox 507 2459 1998 2519; baseline -0.002 -12"><span class='ocrx_word' id='word_1_241' title='bbox 507 2464 661 2507; x_wconf 85' lang='lat' dir='ltr'>ibidem</span> <span class='ocrx_word' id='word_1_242' title='bbox 694 2478 835 2506; x_wconf 88' lang='lat' dir='ltr'>coram</span> <span class='ocrx_word' id='word_1_243' title='bbox 866 2461 987 2504; x_wconf 88' lang='lat' dir='ltr'>nobis</span> <span class='ocrx_word' id='word_1_244' title='bbox 1014 2463 1054 2504; x_wconf 90' lang='lat' dir='ltr'>in</span> <span class='ocrx_word' id='word_1_245' title='bbox 1082 2462 1313 2515; x_wconf 80' lang='lat' dir='ltr'>consulatu,</span> <span class='ocrx_word' id='word_1_246' title='bbox 1335 2460 1445 2519; x_wconf 89' lang='lat' dir='ltr'>quod</span> <span class='ocrx_word' id='word_1_247' title='bbox 1477 2462 1564 2518; x_wconf 81' lang='lat' dir='ltr'>ipse</span> <span class='ocrx_word' id='word_1_248' title='bbox 1596 2461 1759 2518; x_wconf 87' lang='lat' dir='ltr'>scripsit</span> <span class='ocrx_word' id='word_1_249' title='bbox 1789 2459 1998 2518; x_wconf 83' lang='lat' dir='ltr'>quandam</span> 
     </span>
     <span class='ocr_line' id='line_1_32' title="bbox 503 2532 1999 2578; baseline -0.003 0"><span class='ocrx_word' id='word_1_250' title='bbox 503 2537 681 2578; x_wconf 88' lang='lat' dir='ltr'>litteram</span> <span class='ocrx_word' id='word_1_251' title='bbox 701 2534 878 2577; x_wconf 86' lang='lat' dir='ltr'>italicam</span> <span class='ocrx_word' id='word_1_252' title='bbox 901 2532 952 2575; x_wconf 92' lang='lat' dir='ltr'>de</span> <span class='ocrx_word' id='word_1_253' title='bbox 970 2548 1095 2576; x_wconf 89' lang='lat' dir='ltr'>manu</span> <span class='ocrx_word' id='word_1_254' title='bbox 1119 2549 1191 2576; x_wconf 90' lang='lat' dir='ltr'>sua</span> <span class='ocrx_word' id='word_1_255' title='bbox 1209 2544 1249 2576; x_wconf 87' lang='lat' dir='ltr'>et</span> <span class='ocrx_word' id='word_1_256' title='bbox 1264 2533 1406 2576; x_wconf 89' lang='lat' dir='ltr'>omnia</span> <span class='ocrx_word' id='word_1_257' title='bbox 1424 2543 1618 2575; x_wconf 90' lang='lat' dir='ltr'>contenta</span> <span class='ocrx_word' id='word_1_258' title='bbox 1637 2533 1678 2574; x_wconf 89' lang='lat' dir='ltr'>in</span> <span class='ocrx_word' id='word_1_259' title='bbox 1696 2532 1840 2575; x_wconf 89' lang='lat' dir='ltr'>eadem</span> <span class='ocrx_word' id='word_1_260' title='bbox 1863 2532 1999 2575; x_wconf 87' lang='lat' dir='ltr'>littera</span> 
     </span>
     <span class='ocr_line' id='line_1_33' title="bbox 504 2602 1999 2660; baseline -0.003 -10"><span class='ocrx_word' id='word_1_261' title='bbox 504 2617 739 2650; x_wconf 88' lang='lat' dir='ltr'>constanter</span> <span class='ocrx_word' id='word_1_262' title='bbox 759 2602 1043 2657; x_wconf 84' lang='lat' dir='ltr'>confitebatur,</span> <span class='ocrx_word' id='word_1_263' title='bbox 1061 2604 1177 2646; x_wconf 88' lang='lat' dir='ltr'>cuius</span> <span class='ocrx_word' id='word_1_264' title='bbox 1195 2604 1327 2646; x_wconf 89' lang='lat' dir='ltr'>littere</span> <span class='ocrx_word' id='word_1_265' title='bbox 1344 2614 1477 2656; x_wconf 88' lang='lat' dir='ltr'>tenor,</span> <span class='ocrx_word' id='word_1_266' title='bbox 1496 2603 1607 2645; x_wconf 80' lang='lat' dir='ltr'>iuxta</span> <span class='ocrx_word' id='word_1_267' title='bbox 1625 2603 1735 2660; x_wconf 87' lang='lat' dir='ltr'>quod</span> <span class='ocrx_word' id='word_1_268' title='bbox 1753 2602 1864 2646; x_wconf 91' lang='lat' dir='ltr'>idem</span> <span class='ocrx_word' id='word_1_269' title='bbox 1886 2603 1999 2659; x_wconf 90' lang='lat' dir='ltr'>Rey-</span> 
     </span>
     <span class='ocr_line' id='line_1_34' title="bbox 505 2673 1998 2735; baseline -0.003 -13"><span class='ocrx_word' id='word_1_270' title='bbox 505 2678 649 2722; x_wconf 88' lang='lat' dir='ltr'>naldus</span> <span class='ocrx_word' id='word_1_271' title='bbox 670 2679 710 2721; x_wconf 86' lang='lat' dir='ltr'>in</span> <span class='ocrx_word' id='word_1_272' title='bbox 732 2676 935 2735; x_wconf 87' lang='lat' dir='ltr'>presentia</span> <span class='ocrx_word' id='word_1_273' title='bbox 959 2674 1103 2732; x_wconf 86' lang='lat' dir='ltr'>prefati</span> <span class='ocrx_word' id='word_1_274' title='bbox 1125 2675 1328 2719; x_wconf 89' lang='lat' dir='ltr'>Anthonii</span> <span class='ocrx_word' id='word_1_275' title='bbox 1350 2674 1548 2718; x_wconf 88' lang='lat' dir='ltr'>Iohannis</span> <span class='ocrx_word' id='word_1_276' title='bbox 1571 2685 1611 2716; x_wconf 86' lang='lat' dir='ltr'>et</span> <span class='ocrx_word' id='word_1_277' title='bbox 1643 2689 1714 2717; x_wconf 85' lang='lat' dir='ltr'>sex</span> <span class='ocrx_word' id='word_1_278' title='bbox 1745 2673 1998 2717; x_wconf 88' lang='lat' dir='ltr'>arbitrorum</span> 
     </span>
     <span class='ocr_line' id='line_1_35' title="bbox 506 2744 1998 2806; baseline -0.003 -14"><span class='ocrx_word' id='word_1_279' title='bbox 506 2749 941 2806; x_wconf 82' lang='lat' dir='ltr'>supranominatorum</span> <span class='ocrx_word' id='word_1_280' title='bbox 962 2749 1004 2791; x_wconf 89' lang='lat' dir='ltr'>in</span> <span class='ocrx_word' id='word_1_281' title='bbox 1026 2748 1210 2790; x_wconf 91' lang='lat' dir='ltr'>sessione</span> <span class='ocrx_word' id='word_1_282' title='bbox 1243 2756 1384 2789; x_wconf 89' lang='lat' dir='ltr'>nostra</span> <span class='ocrx_word' id='word_1_283' title='bbox 1417 2745 1625 2788; x_wconf 89' lang='lat' dir='ltr'>consulari</span> <span class='ocrx_word' id='word_1_284' title='bbox 1648 2744 1856 2788; x_wconf 89' lang='lat' dir='ltr'>transtulit</span> <span class='ocrx_word' id='word_1_285' title='bbox 1877 2759 1998 2788; x_wconf 90' lang='lat' dir='ltr'>more</span> 
     </span>
     <span class='ocr_line' id='line_1_36' title="bbox 507 2816 1878 2876; baseline -0.004 -14"><span class='ocrx_word' id='word_1_286' title='bbox 507 2836 582 2863; x_wconf 92' lang='lat' dir='ltr'>suo</span> <span class='ocrx_word' id='word_1_287' title='bbox 614 2819 822 2876; x_wconf 86' lang='lat' dir='ltr'>loquendi,</span> <span class='ocrx_word' id='word_1_288' title='bbox 854 2819 904 2862; x_wconf 91' lang='lat' dir='ltr'>de</span> <span class='ocrx_word' id='word_1_289' title='bbox 936 2818 1065 2862; x_wconf 67' lang='lat' dir='ltr'>verbo</span> <span class='ocrx_word' id='word_1_290' title='bbox 1097 2817 1145 2860; x_wconf 85' lang='lat' dir='ltr'>ad</span> <span class='ocrx_word' id='word_1_291' title='bbox 1179 2816 1354 2859; x_wconf 76' lang='lat' dir='ltr'>verbum</span> <span class='ocrx_word' id='word_1_292' title='bbox 1387 2817 1570 2873; x_wconf 88' lang='lat' dir='ltr'>sequitur</span> <span class='ocrx_word' id='word_1_293' title='bbox 1602 2827 1643 2858; x_wconf 92' lang='lat' dir='ltr'>et</span> <span class='ocrx_word' id='word_1_294' title='bbox 1668 2825 1729 2858; x_wconf 88' lang='lat' dir='ltr'>est</span> <span class='ocrx_word' id='word_1_295' title='bbox 1760 2816 1878 2858; x_wconf 84' lang='lat' dir='ltr'>tal-is:</span> 
     </span>
    </p>

    <p class='ocr_par' dir='ltr' id='par_1_6' title="bbox 595 2892 968 2949">
     <span class='ocr_line' id='line_1_37' title="bbox 595 2892 968 2949; baseline -0.005 -14"><span class='ocrx_word' id='word_1_296' title='bbox 595 2892 777 2949; x_wconf 75' lang='lat' dir='ltr'>Sequitur</span> <span class='ocrx_word' id='word_1_297' title='bbox 811 2906 871 2934; x_wconf 73' lang='lat' dir='ltr'>nr.</span> <span class='ocrx_word' id='word_1_298' title='bbox 903 2903 968 2946; x_wconf 85' lang='lat'>50.</span> 
     </span>
    </p>
   </div>
   <div class='ocr_carea' id='block_1_3' title="bbox 2089 0 2201 3554">
    <p class='ocr_par' dir='ltr' id='par_1_7' title="bbox 2089 0 2201 3554">
     <span class='ocr_line' id='line_1_38' title="bbox 2089 0 2201 3554; baseline 0 0"><span class='ocrx_word' id='word_1_299' title='bbox 2089 0 2201 3554; x_wconf 95' lang='lat' dir='ltr'> </span> 
     </span>
    </p>
   </div>
  </div>
 </body>
</html>
