2201 3554
783 327 997 368 ,45-

227 423 275 466 Iu
296 423 449 467 horum
476 425 601 481 igitur
622 425 815 468 omnium
837 426 1126 468 testimonium
1149 441 1226 468 nos
1249 424 1501 483 supranotati
1524 438 1624 467 con-

139 493 248 537 sules
270 495 444 537 civitatis
463 495 665 539 Cracovie
683 494 952 553 appendimus
970 496 1047 539 hiis
1066 497 1211 539 litteris
1230 496 1410 553 sigillum
1431 505 1621 537 nostrum

139 565 355 608 consulare
391 565 456 609 die
502 569 550 609 16
595 567 749 609 mensis
786 567 941 624 Aprilis
982 582 1091 610 anno
1134 568 1307 610 Domini
1357 579 1479 622 1429.

233 660 340 694 Arch.
370 661 463 694 civit.
491 660 694 703 Cracoviae,
724 662 813 694 Acta
839 662 970 694 consul.
1005 671 1220 705 mia-1450,
1248 673 1277 706 p.
1307 669 1480 704 253-254.

227 768 297 810 54.
316 766 538 824 Recognitio
561 766 752 809 Iohannis
774 766 818 809 de
839 766 1040 810 Baudesen
1057 776 1129 824 pro
1146 775 1258 824 parte
1280 765 1472 809 Iohannis
1492 763 1623 817 Bank,

135 839 181 881 de
214 838 474 881 [Vratislavt‘a
517 838 751 889 mercatoris,
798 846 931 881 contra
965 839 1188 881 Antonium
1224 837 1417 881 Iohannis
1453 836 1496 878 de
1530 835 1621 878 Flo-

135 910 276 952 rentia.

888 968 1066 1020 Venalis,
1106 982 1156 1024 19
1194 967 1372 1011 Octobris
1406 980 1532 1022 1429.

222 1061 302 1104 Die
340 1074 389 1116 19
418 1059 617 1104 Octobris
651 1059 802 1120 [1429]
836 1061 910 1105 Ser
942 1061 1147 1104 Iohannes
1181 1060 1290 1103 Petri
1322 1059 1372 1103 de
1407 1058 1621 1102 Baudesen

133 1132 363 1175 Alemanus
394 1131 445 1175 de
476 1132 647 1174 Lusecia
679 1133 794 1174 testis
829 1132 1053 1189 productus
1087 1144 1162 1175 etc.
1196 1132 1457 1187 Interogatus
1484 1129 1621 1173 dicere

132 1204 350 1246 veritatem
391 1218 467 1245 suo
503 1214 762 1246 sacramento
806 1203 1063 1246 testificando
1109 1202 1223 1256 dixit,
1256 1200 1367 1260 quod
1406 1202 1447 1243 in
1483 1201 1620 1258 vigilia

133 1271 268 1316 futura
300 1273 533 1316 festivitatis
565 1274 691 1316 sancti
727 1274 896 1316 Martini
929 1275 1119 1331 proxime
1162 1285 1334 1316 venture
1377 1283 1497 1315 erunt
1536 1272 1620 1315 duo

131 1345 243 1397 anni,
273 1343 438 1402 quando
470 1359 536 1388 ser
567 1344 771 1388 Iohannes
795 1345 930 1388 Banch
955 1344 1005 1388 de
1029 1345 1235 1388 Breslaxia
1259 1344 1428 1386 veniens
1451 1342 1501 1386 de
1523 1343 1620 1385 Bre-

130 1414 258 1458 slavia
289 1425 330 1458 et
360 1414 558 1458 accedens
586 1415 894 1471 Charchoviam
922 1427 962 1458 et
994 1415 1088 1458 inde
1127 1413 1325 1458 accedens
1357 1414 1405 1457 ad
1439 1414 1620 1467 sallinas,

129 1485 199 1529 ubi
232 1485 470 1530 morabatur
502 1501 567 1529 ser
599 1486 838 1529 Antlionius
870 1487 1067 1530 Iohannis
1099 1487 1149 1530 de
1176 1486 1397 1538 Florentia,
1429 1486 1618 1542 zuparius

131 1557 255 1609 saliis,
278 1573 399 1600 causa
431 1556 625 1615 loquendi
660 1573 818 1611 secum,
844 1569 883 1600 et
915 1557 1063 1601 eodem
1092 1573 1184 1600 sero
1217 1556 1412 1600 recedens
1445 1555 1494 1599 ab
1527 1557 1617 1613 ipso

130 1643 196 1672 ser
225 1629 441 1672 Anthonio
474 1641 512 1672 et
543 1640 754 1672 revertens
790 1629 1097 1674 Charchoviam
1132 1640 1273 1687 captus
1302 1629 1378 1671 fuit
1403 1629 1446 1671 in
1473 1629 1617 1671 itinere

128 1714 256 1757 prope
288 1700 496 1742 civitatem
532 1700 856 1743 Carcoviensem
891 1715 961 1757 per
989 1700 1175 1743 medium
1209 1699 1449 1742 milliarium
1483 1709 1618 1741 teoto-

128 1769 314 1823 nichum,
345 1768 457 1828 quod
501 1769 625 1812 efficit
666 1770 742 1812 tria
786 1771 975 1813 milliaria
1008 1770 1201 1823 itallicha‚
1235 1780 1272 1812 et
1305 1771 1347 1812 in
1378 1769 1489 1812 dicto
1523 1784 1616 1812 sero

128 1840 381 1898 publicatum
405 1841 479 1884 fuit
502 1857 574 1899 per
598 1843 808 1884 civitatem
834 1842 1186 1895 Carchodensen,
1214 1841 1429 1899 quomodo
1445 1849 1456 1868 ¹
1481 1840 1616 1884 dictus

130 1927 195 1955 ser
225 1912 430 1955 Iohannes
463 1912 601 1956 Banch
635 1924 776 1970 captus
815 1912 889 1956 fuit
922 1914 962 1956 in
997 1914 1155 1966 itinere,
1189 1913 1259 1956 sed
1297 1928 1317 1955 a
1354 1928 1438 1970 quo
1473 1923 1615 1969 captus

128 1982 286 2037 fuisset,
323 1994 363 2026 et
396 1999 480 2042 quo
511 1982 673 2037 ductus,
705 1983 984 2042 ignorabatur.
1023 1983 1214 2028 Secundo
1234 1992 1247 2010 ²
1281 1983 1346 2026 die
1378 1983 1442 2026 vel
1479 1983 1616 2036 tertio,

128 2065 252 2111 prout
293 2054 499 2098 recordari
531 2054 706 2108 videtur,
747 2054 822 2097 fuit
864 2054 1023 2112 publica
1055 2070 1139 2097 vox
1171 2066 1210 2097 et
1243 2053 1366 2108 fama,
1398 2053 1615 2111 quomodo

127 2135 269 2182 captus
301 2124 432 2168 fuerat
457 2141 479 2168 a
510 2124 692 2182 quodam
725 2125 898 2169 domino
931 2126 1055 2168 Petro
1088 2125 1284 2179 Sofferez,
1311 2124 1533 2168 castellano
1565 2123 1615 2167 de

129 2195 319 2250 Polonia,
345 2196 393 2239 ad
436 2197 673 2239 instantiam
716 2208 755 2239 et
797 2197 1040 2254 petitionem
1082 2212 1146 2239 ser
1178 2196 1380 2240 Anthonii
1418 2195 1614 2239 Iohannis

127 2264 178 2309 de
212 2266 420 2310 Florentia
442 2266 628 2325 predicti,
653 2269 758 2311 sicut
789 2283 860 2325 per
886 2269 1095 2311 civitatem
1122 2267 1171 2310 ab
1197 2266 1394 2310 omnibus
1426 2266 1615 2324 divulga-

127 2335 259 2389 batur,
291 2353 313 2380 a
343 2352 427 2396 quo
458 2353 525 2380 ser
555 2338 772 2381 Anthonio
806 2350 1011 2396 receperat
1044 2339 1276 2396 pecuniam,
1308 2350 1352 2381 ut
1383 2339 1536 2395 ipsum,
1570 2350 1614 2381 ut

127 2421 265 2465 supra,
295 2419 456 2465 caperet
487 2419 526 2451 et
557 2420 764 2462 arestaret‚
797 2424 923 2466 quem
954 2410 995 2452 in
1028 2410 1203 2452 vinculis
1235 2421 1275 2452 et
1306 2410 1348 2451 in
1381 2408 1612 2452 carceribus

126 2479 169 2521 in
190 2494 268 2523 suo
289 2479 453 2523 chastro
479 2495 608 2538 usque
635 2480 682 2524 ad
707 2480 860 2523 festum
885 2481 1193 2524 Resurectionis
1211 2481 1387 2523 Domini
1413 2480 1480 2522 vel
1505 2481 1614 2524 circa

126 2550 313 2603 retinuit3
344 2549 395 2593 de
420 2549 569 2608 quibus
591 2551 834 2605 carceribus,
863 2552 895 2594 si
922 2552 1054 2595 voluit
1077 2553 1200 2604 exire,
1227 2552 1363 2609 ipsum
1391 2561 1613 2608 opportue-

126 2621 207 2664 rit³
247 2619 344 2664 dare
381 2620 668 2665 fideiussiones
700 2621 874 2665 duarum
910 2622 1087 2665 millium
1120 2622 1400 2676 marcharum,
1432 2632 1477 2665 ut
1509 2621 1613 2665 obli-

125 2702 290 2749 garetur
305 2703 345 2734 et
366 2693 557 2736 astrictus
579 2704 686 2736 esset
705 2693 753 2736 ad
771 2693 1110 2737 concordandum
1128 2709 1171 2736 se
1188 2709 1284 2736 cum
1307 2693 1418 2737 dicto
1441 2709 1506 2736 ser
1525 2695 1613 2736 An-

221 2805 231 2823 1
258 2798 468 2833 Simonsseld
499 2800 621 2845 «quod
648 2800 799 2834 modo».

219 2863 234 2882 ²
257 2856 342 2892 Sim.
373 2857 576 2893 «Secundio
593 2874 606 2889 n
637 2860 727 2903 (sic).

218 2922 234 2947 3
258 2915 342 2950 Sim.
369 2918 621 2963 «opportuit».
