2201 3554
479 877 926 932 CONSPECTUS
974 879 1325 933 ACTORUM

598 1008 637 1036 ΙΝ
671 1008 831 1038 ORDINE
862 1009 917 1038 CH
925 1009 1202 1039 RONOLOGICO

247 1227 356 1275 1387
389 1232 558 1288 Augusti
588 1245 635 1286 19
670 1232 813 1274 Lucae.
853 1232 1040 1276 Urbanus
1065 1241 1133 1290 pp.
1171 1233 1210 1274 V
1209 1233 1233 1275 I
1261 1234 1497 1291 quibusdam
1540 1251 1642 1278 mer-

154 1301 350 1345 catoribus
365 1302 537 1344 Lucanis
553 1303 813 1358 pecuniarum
834 1317 1008 1345 summas
1029 1304 1068 1345 in
1087 1303 1269 1360 partibus
1287 1303 1472 1347 Poloniae
1494 1313 1527 1347 et
1550 1304 1643 1348 aliis

154 1371 331 1416 collectas
361 1372 571 1430 recipiendi
601 1372 681 1419 dat,
698 1372 941 1429 facultatem,
972 1381 1012 1431 p.
1043 1379 1103 1429 ὅς,
1140 1389 1201 1416 nr.
1226 1388 1298 1430 79.

247 1445 356 1488 1387
390 1445 559 1499 Augusti
590 1457 637 1498 [9
676 1444 814 1486 Lucae.
854 1444 1042 1487 Urbanus
1071 1453 1137 1502 pp.
1176 1445 1238 1487 VI
1269 1446 1434 1502 Angelo‚
1470 1448 1643 1504 episcopo

157 1513 397 1566 Castellano,
431 1516 473 1557 in
505 1514 739 1572 quibusdam
768 1515 948 1571 partibus
975 1524 1238 1572 proventuum
1271 1531 1449 1560 camerae
1487 1526 1642 1575 aposto-

155 1584 250 1628 licae
281 1584 485 1637 collectori,
514 1585 690 1635 mandat,
726 1595 916 1643 quatenus
942 1588 1129 1644 pecunias
1161 1602 1186 1629 a
1217 1603 1254 1630 sc
1286 1587 1462 1631 collectas
1495 1604 1644 1632 merca-

153 1656 300 1700 toribus
332 1657 502 1700 Lucanis
534 1657 762 1700 nominatim
798 1659 984 1715 expressis
1016 1659 1194 1714 assignet,
1224 1666 1266 1715 p.
1297 1661 1367 1710 86,
1402 1675 1464 1702 nr.
1495 1663 1564 1703 So.

246 1730 350 1771 1391
383 1727 621 1771 Novembris
649 1731 675 1771 6
697 1728 856 1772 Romae.
885 1728 1113 1786 Bonifacius
1134 1737 1201 1786 pp.
1226 1727 1289 1770 IX
1308 1729 1352 1771 de
1377 1729 1512 1772 litteris
1538 1730 1642 1773 salvi

152 1797 358 1842 conductus
382 1797 553 1842 Iohanni
581 1798 778 1842 Gholardi
811 1800 1019 1841 mercatori
1041 1799 1201 1842 Lucano
1234 1801 1274 1842 in
1302 1799 1507 1843 Poloniam
1536 1803 1643 1844 eunti

147 1869 342 1928 providet,
376 1879 415 1926 p.
444 1884 478 1922 Ι,
513 1884 573 1912 nr.
603 1885 634 1913 Ι.

245 1942 351 1984 1391
387 1941 627 1984 Novembris
650 1956 696 1997 14
721 1941 878 1985 Romae.
914 1941 1141 1999 Bonifacius
1169 1950 1236 1999 pp.
1264 1941 1327 1984 IX
1356 1941 1540 1994 Iohanni,
1570 1943 1640 1986 ab·

153 2010 235 2054 bati
265 2011 310 2054 de
345 2011 546 2063 Carrara,
576 2021 610 2054 et
635 2012 892 2070 Baylardino,
922 2013 1106 2055 canonico
1132 2012 1170 2054 V
1168 2013 1374 2064 incentum,
1405 2013 1640 2070 apostolicae

152 2081 259 2125 Sedis
290 2084 448 2134 nuntiis,
484 2083 660 2135 mandat,
695 2092 883 2140 quatenus
910 2085 1168 2140 pecuniarum
1199 2098 1374 2126 summas
1407 2085 1446 2126 in
1473 2084 1639 2128 Polonia

152 2151 328 2196 collectas
370 2152 539 2195 Iohanni
583 2155 789 2196 mercatori
830 2154 990 2197 Lucano
1038 2153 1082 2196 de
1125 2155 1300 2197 societate
1341 2154 1639 2198 Bartholomaei

159 2223 307 2267 Turchi
337 2225 544 2280 assignent,
573 2232 614 2282 p.
649 2239 731 2281 1-3,
766 2239 828 2268 nr.
861 2239 899 2268 2.

244 2298 355 2339 1392
387 2295 614 2339 Decembris
647 2299 672 2339 8
705 2296 869 2339 Perusii.
903 2296 1131 2354 Bonifacius
1167 2305 1235 2355 pp.
1270 2295 1333 2338 IX
1362 2297 1635 2355 Dobrogostio,

150 2368 320 2425 episcopo
352 2367 612 2422 Poznaniensi
645 2375 677 2410 et
710 2369 750 2410 in
786 2367 949 2410 Polonia
991 2367 1196 2420 collectori,
1233 2368 1412 2420 mandat,
1447 2377 1637 2426 quatenus

150 2452 280 2481 onmes
297 2439 482 2495 pecunias
501 2438 638 2482 Laudo
660 2438 704 2482 de
727 2439 994 2490 Morconibus,
1014 2440 1188 2491 Lucano,
1209 2441 1388 2496 assignet,
1408 2449 1446 2498 p.
1459 2455 1495 2497 3,
1521 2455 1582 2483 nr.
1598 2456 1634 2497 3.

242 2511 352 2552 1393
384 2507 570 2552 Ianuarii
590 2523 643 2564 29
671 2509 903 2553 Cracoviae.
938 2509 1171 2554 Franciscus
1192 2511 1237 2554 de
1260 2511 1439 2554 Bononia
1465 2511 1510 2554 de
1535 2511 1634 2555 Gui-

149 2578 262 2623 dottis
293 2580 484 2622 constituit
517 2579 679 2623 Petrum
701 2581 877 2639 fratrem
907 2595 1021 2623 suum
1046 2589 1360 2639 procuratoxem,
1384 2590 1426 2639 p.
1445 2597 1481 2638 3,
1510 2598 1570 2625 nr.
1594 2600 1634 2638 4.

241 2652 352 2694 1393
385 2650 538 2708 Aprilis
564 2665 583 2693 I
611 2650 769 2694 Romae.
803 2651 1014 2709 Episcopus
1039 2651 1384 2695 lt'ladislaviensis
1403 2661 1472 2709 per
1494 2669 1634 2696 manus

149 2721 258 2779 Doffi
276 2721 322 2764 de
344 2721 492 2779 Spinis,
517 2723 742 2765 mercatoris
760 2721 991 2775 Florentini‚
1015 2723 1130 2766 solvit
1155 2725 1371 2775 servitium,
1389 2732 1432 2781 p.
1455 2740 1495 2779 4,
1520 2739 1581 2767 nr.
1597 2739 1632 2779 5.

241 2795 351 2836 1393
383 2793 610 2836 Decembris
642 2807 682 2849 15
718 2793 949 2836 Cracoviae.
990 2793 1278 2837 Testamentum
1315 2794 1505 2853 Gottfridi
1535 2794 1631 2838 Fat-

148 2865 293 2907 tinante
315 2863 359 2906 de
381 2862 511 2906 Ianua
533 2865 713 2921 supparii
733 2863 829 2907 salis
846 2864 1041 2921 generalis
1063 2867 1101 2907 in
1125 2865 1304 2917 Polonia,
1323 2874 1365 2923 p.
1384 2868 1484 2921 4—8‚
1509 2881 1570 2908 nr.
1590 2870 1628 2909 6.
