2201 3554
1120 298 1355 339 *92-

492 397 672 453 prefatus
717 395 960 439 Benedictus
1002 397 1145 453 vigore
1191 396 1429 440 huiusmodi
1472 408 1709 440 nostrarum
1752 398 1980 440 litterarum

493 469 688 525 consequi
736 479 910 524 nequeat
957 468 1116 510 iusticie
1169 468 1555 524 complementt1m3
1589 469 1680 511 Nos
1727 469 1866 525 igitur,
1912 469 1982 526 qui

492 538 688 580 omnibus
716 554 860 580 sumus
882 539 922 580 in
956 539 1114 580 iusticia
1140 537 1347 581 debitores
1373 550 1412 581 et
1439 538 1517 581 hiis
1540 540 1773 595 presertim,
1799 539 1870 595 qui
1899 539 1984 582 Ro-

493 625 659 651 manam
694 620 921 665 sequuntur
950 610 1106 651 curiam
1129 619 1167 651 et
1186 611 1514 652 mercanciarum
1547 611 1750 653 exercitiis
1778 610 1985 654 honorant

492 682 641 737 pariter
674 692 712 722 et
744 681 961 732 extollunt,
996 680 1183 722 volentes
1216 695 1338 737 super
1371 681 1449 723 hiis
1481 681 1531 724 de
1564 692 1772 737 oportuno
1797 681 1984 725 remedio

493 750 724 808 providere,
764 767 814 793 ne
858 752 943 808 ipse
988 750 1233 793 Benedictus
1276 752 1318 793 in
1365 752 1668 809 consequendis
1716 753 1984 808 pecuniarum

494 823 683 867 summis,
711 822 950 864 huiusmodi
995 823 1191 879 suscipiat
1233 823 1274 864 in
1316 823 1453 879 aliquo
1487 823 1704 875 lesionem,
1746 823 1986 866 discretioni

495 905 628 936 vestre
660 909 730 950 per
762 893 987 950 apostolica
1020 894 1167 950 scripta
1200 891 1462 946 mandamus,
1495 905 1696 951 quatenus
1729 894 1886 936 vocatis
1911 894 1988 937 Ni-

493 965 625 1016 colao,
658 966 853 1021 episcopo
887 963 1238 1017 XVladislaviensL
1276 975 1315 1006 et
1347 965 1524 1007 Nicolao
1558 965 1823 1018 Panesconis,
1857 965 1990 1008 scola-

495 1037 613 1089 stico,
636 1047 703 1078 aut
730 1037 829 1078 alias
862 1037 1058 1093 episcopo
1095 1035 1444 1088 Wladislaviensi,
1471 1051 1545 1092 pro
1572 1047 1762 1092 tempore
1785 1037 1990 1088 existenti,

494 1106 664 1164 prefatis
698 1123 772 1150 nec
805 1123 889 1149 non
923 1107 1025 1159 aliis,
1059 1107 1130 1164 qui
1164 1106 1314 1149 fuerint
1336 1115 1346 1132 ¹
1383 1105 1583 1149 evocandi
1616 1118 1656 1149 et
1698 1106 1848 1150 auditis
1894 1106 1990 1149 hinc

494 1177 588 1221 inde
621 1179 858 1235 propositis,
885 1176 995 1235 quod
1022 1179 1179 1220 iustum
1207 1177 1342 1230 fuerit,
1365 1192 1435 1234 per
1458 1192 1534 1220 vos
1553 1178 1618 1220 vel
1641 1178 1769 1220 alium
1793 1193 1864 1220 seu
1887 1178 1990 1221 alios

494 1247 738 1301 decernatis,
772 1248 979 1301 facientes,
1005 1247 1116 1305 quod
1148 1248 1428 1301 decreveritis,
1453 1263 1523 1305 per
1541 1263 1760 1291 censuram
1799 1249 1991 1292 ecclesia-

495 1320 642 1361 sticam
674 1318 850 1361 firmiter
882 1318 1109 1371 observari,
1142 1319 1467 1361 contradictores
1499 1317 1706 1375 quoslibet
1739 1330 1777 1362 et
1804 1318 1988 1373 rebelles,

496 1390 779 1446 cuiuscunque
821 1389 1085 1442 conditionis,
1119 1389 1290 1443 ordinis,
1324 1401 1453 1432 status
1499 1390 1563 1432 vel
1595 1390 1806 1447 dignitatis
1845 1391 1991 1434 extite-

496 1462 591 1514 rint,
604 1462 844 1504 auctoritate
861 1473 1003 1504 nostra
1021 1461 1292 1518 appellatione
1311 1462 1540 1518 postposita
1554 1461 1873 1518 compescendo.
1891 1463 1992 1506 Non

495 1531 767 1585 obstantibus,
801 1533 833 1574 si
867 1532 1024 1575 eisdem
1056 1532 1234 1576 Nicolao
1266 1533 1462 1589 episcopo
1495 1544 1534 1575 et
1566 1533 1744 1576 Nicolao
1771 1533 1990 1576 scolastico

495 1603 560 1645 vel
602 1603 815 1660 quibusvis
853 1604 943 1645 aliis
976 1605 1259 1646 communiter
1290 1603 1354 1646 vel
1386 1603 1555 1646 divisim
1588 1619 1609 1645 a
1637 1603 1741 1647 Sede
1763 1604 1991 1661 apostolica

497 1676 548 1717 sit
580 1674 801 1727 indultum,
834 1675 945 1732 quod
987 1675 1310 1726 excomunicari,
1354 1674 1549 1731 suspendi
1595 1675 1658 1717 vel
1704 1674 1890 1718 interdici
1924 1686 1992 1718 aut

497 1758 608 1788 extra
642 1746 730 1788 loca
757 1745 805 1788 ad
838 1744 1037 1788 iudicium
1070 1747 1235 1788 evocari
1268 1761 1354 1788 non
1387 1747 1560 1802 possint,
1595 1761 1666 1803 per
1703 1747 1856 1790 litteras
1894 1762 1993 1805 apo-

498 1817 662 1859 stolicas
701 1833 786 1860 non
831 1817 1024 1860 facientes
1057 1817 1221 1874 plenam
1256 1828 1296 1859 et
1343 1832 1579 1874 expressam
1613 1834 1658 1860 ac
1691 1816 1741 1860 de
1772 1818 1901 1862 verbo
1943 1819 1992 1862 ad

497 1888 672 1930 verbum
705 1886 754 1930 de
787 1888 947 1931 indulto
980 1887 1219 1931 huiusmodi
1249 1890 1506 1932 mentionem
1526 1901 1565 1932 et
1581 1889 1760 1946 qualibet
1787 1890 1864 1933 alia
1885 1891 1993 1934 dicte

497 1960 614 2003 Sedis
648 1960 914 2017 indulgentia,
941 1975 1012 2017 per
1038 1976 1161 2017 quam
1192 1960 1433 2003 huiusmodi
1456 1961 1753 2004 iurisdictionis
1775 1962 1992 2019 explicatio

498 2032 540 2073 in
573 2031 647 2073 hac
679 2043 790 2088 parte
823 2032 954 2074 valeat
996 2031 1314 2089 quomodolibet
1355 2031 1559 2089 impediri.
1606 2032 1994 2076 Constitucionibus

498 2112 584 2144 tam
629 2101 756 2144 felicis
796 2102 1093 2145 recordationis
1137 2102 1338 2145 Bonifacii
1381 2119 1482 2160 pape
1530 2104 1644 2155 VIII,
1688 2104 1992 2161 predecessoris

499 2175 645 2226 nostri,
679 2175 720 2216 in
752 2174 900 2231 quibus
933 2186 1113 2226 cavetur,
1147 2190 1197 2216 ne
1229 2176 1335 2232 quis,
1369 2175 1448 2217 nisi
1482 2176 1523 2217 in
1557 2176 1678 2217 certis
1716 2177 1896 2233 exceptis
1929 2191 1995 2219 ca-

500 2243 612 2286 sibus
646 2256 758 2287 extra
790 2261 907 2287 suam
931 2246 1140 2287 civitatem
1168 2257 1207 2288 et
1233 2245 1434 2288 diocesim
1460 2261 1533 2288 nec
1563 2247 1603 2288 in
1623 2246 1703 2288 illis
1733 2245 1834 2289 ultra
1866 2261 1993 2289 unam

499 2314 651 2357 dietam
685 2330 706 2357 a
738 2313 888 2357 finibus
915 2315 1139 2358 earundem
1162 2316 1210 2358 ad
1234 2315 1435 2358 iudicium
1453 2327 1663 2369 evocetur,
1687 2332 1813 2374 quam
1835 2315 1993 2360 duabus

499 2385 633 2438 dietis,
666 2386 784 2429 editis
817 2387 859 2428 in
891 2386 1068 2429 concilio
1102 2387 1296 2443 generali,
1328 2386 1562 2429 dummodo
1595 2388 1699 2430 ultra
1730 2389 1894 2430 tertiam
1928 2388 1993 2431 vel

499 2469 686 2514 quartam
721 2458 866 2515 aliquis
899 2470 1011 2500 extra
1044 2473 1161 2500 suam
1194 2457 1394 2501 diocesim
1430 2460 1671 2501 auctoritate
1704 2461 1992 2516 presentium²

500 2527 549 2570 ad
588 2527 786 2570 iudicium
830 2544 916 2571 non
957 2528 1140 2571 trahatur
1173 2541 1213 2571 et
1244 2529 1333 2571 aliis
1371 2530 1412 2571 in
1455 2530 1712 2572 contrarium
1753 2529 1993 2573 facientibus

500 2613 584 2640 non
633 2598 889 2641 obstantibus
936 2598 1281 2656 quibuscumque.
1331 2600 1460 2652 Quod
1507 2601 1541 2642 si
1589 2616 1671 2643 non
1718 2616 1866 2644 omnes
1914 2601 1993 2644 hiis

500 2671 724 2729 exquendis
766 2674 981 2730 potueritis
1014 2673 1224 2725 interesse,
1262 2672 1346 2715 duo
1389 2683 1458 2715 aut
1491 2688 1598 2715 unus
1631 2685 1819 2716 vestrum
1853 2689 1896 2716 ea
1932 2674 1995 2716 ni—

501 2743 751 2786 chilominus
783 2759 866 2801 quo
899 2743 947 2786 ad
981 2755 1119 2786 actum
1152 2750 1394 2800 expressum
1428 2743 1654 2800 quemlibet
1685 2755 1922 2801 exequatur.

601 2846 607 2863 ¹
639 2838 714 2873 MS.
743 2839 880 2873 fuerunt

598 2905 610 2922 2
639 2898 715 2932 MS.
742 2900 888 2944 sequitur
915 2898 1037 2944 aliquis
