2201 3554
775 374 829 379 -
868 361 886 380 ‘5
952 376 1009 380 —

866 378 914 404 -2

151 459 456 517 thoporove
489 470 528 502 et
561 459 719 503 sallaria
747 459 975 502 cancellarii
1003 459 1246 503 marschalci
1265 471 1303 503 et
1330 460 1506 502 aliorum
1531 475 1636 502 nun-

150 546 274 588 quam
307 530 356 573 ad
383 530 561 588 aliquam
583 530 742 574 debebo
765 545 917 587 ponere
939 532 1156 574 rationem.
1180 532 1270 588 Ipse
1293 531 1416 574 etiam
1439 529 1634 573 dominus

150 617 218 645 rex
247 602 288 644 in
321 601 580 644 instituendis
607 613 646 644 et
672 601 940 644 destituendis
968 601 1171 644 dictarum
1198 617 1422 659 zupparum
1451 600 1636 643 officiali-

150 670 225 714 bus
249 671 374 714 michi
402 672 536 728 itaque
559 682 598 714 ct
620 672 720 714 nulli
743 672 857 714 alteri
881 671 1054 714 liberum
1079 673 1293 714 commisit
1315 671 1544 722 arbitrium,
1568 672 1635 721 ita,

149 741 260 800 quod
291 741 341 785 de
367 743 464 799 ipsis
491 741 616 785 libere
644 742 863 800 disponere
896 754 1084 800 potuero,
1112 744 1223 786 iuxta
1249 743 1358 801 quod
1389 743 1515 785 michi
1537 758 1636 785 -me-

149 811 228 854 lius
251 810 455 854 videbitur
477 811 689 869 expedire3
713 813 754 854 in
777 811 1023 869 quibusdam
1047 814 1189 870 zuppis
1217 824 1278 856 tot
1301 824 1339 855 et
1361 823 1471 855 tanta
1495 812 1635 855 relicta

148 892 335 939 tempore
368 898 458 924 mee
491 883 780 939 resignationis
813 883 986 926 fideliter
1018 883 1176 926 debebo
1211 884 1453 940 relinquere,
1485 893 1635 939 quanta

149 964 338 1010 tempore
371 968 462 995 mee
495 954 822 996 intromissionis
855 955 895 996 in
929 954 1085 996 eisdem
1119 965 1277 1011 reperta
1311 953 1474 996 fuerunt
1502 964 1541 996 et
1575 954 1636 995 in-

149 1035 269 1067 venta
289 1039 335 1066 ac
353 1039 423 1081 per
443 1023 731 1067 honorabilem
751 1025 986 1078 Nicolaum,
1009 1026 1265 1083 prepositum
1289 1026 1418 1068 sancti
1442 1025 1635 1075 Floriani,

149 1094 264 1152 regni
288 1095 461 1138 Polonie
483 1095 879 1148 vicecancellarium‚
901 1107 1040 1139 notata
1061 1096 1308 1139 articulatim
1329 1107 1367 1139 et
1390 1096 1634 1153 conscripta.

148 1166 195 1208 In
217 1180 313 1208 casu
335 1181 450 1219 vero,
476 1181 559 1223 quo
586 1181 633 1208 ex
661 1166 904 1223 pestilentie,
931 1183 1055 1224 quam
1083 1168 1197 1210 Deus
1224 1166 1395 1219 auferat,
1421 1177 1488 1209 aut
1515 1181 1637 1223 guer-

149 1252 288 1280 rarum
311 1247 459 1280 eventu
493 1237 645 1294 aliquo,
666 1237 775 1294 quod
810 1236 928 1291 absit,
950 1238 1128 1295 dampna
1156 1239 1194 1280 in
1220 1238 1376 1281 eisdem
1399 1238 1541 1295 zuppis
1569 1252 1636 1279 me

148 1309 356 1366 percipere
388 1309 621 1365 contigerit,
654 1320 803 1351 extunc
836 1308 1012 1367 dampna
1045 1309 1285 1352 huiusmodi
1318 1310 1428 1352 iuxta
1461 1309 1637 1352 decisio-

148 1395 245 1423 nem
271 1390 311 1422 et
336 1380 720 1436 pronuntiationem
747 1391 842 1423 octo
868 1379 1174 1438 fidedignorum
1202 1381 1390 1423 virorum
1419 1378 1636 1437 utrobique

148 1449 510 1503 assumendorum,
541 1462 717 1507 quatuor
748 1449 939 1494 videlicet
971 1451 1175 1494 nobilium
1209 1462 1247 1494 et
1279 1462 1454 1508 quatuor
1486 1466 1637 1493 consu-

147 1522 234 1565 lum
259 1521 618 1574 Cracoviensium,
641 1522 728 1578 ipse
749 1521 946 1565 dominus
969 1538 1037 1564 rex
1060 1521 1265 1565 tenebitur
1282 1521 1496 1565 defalcare.
1516 1523 1635 1575 Quas

148 1593 270 1636 etiam
291 1608 441 1649 zuppas
467 1592 648 1644 interim,
671 1592 780 1649 quod
808 1608 875 1635 eas
901 1594 942 1635 in
969 1593 1117 1636 arenda
1144 1604 1331 1646 tenuero,
1354 1609 1551 1636 evacuare
1574 1594 1636 1635 in-

147 1662 282 1706 debite
313 1677 397 1706 non
428 1661 558 1706 debeo
591 1675 631 1706 et
662 1678 747 1706 non
779 1663 869 1721 plus
901 1663 950 1707 de
984 1665 1067 1707 sale
1099 1663 1294 1717 effodere,
1328 1664 1405 1706 nisi
1433 1674 1633 1721 quantum

147 1732 325 1777 vendere
356 1744 531 1791 potuero
558 1735 646 1776 sine
680 1733 819 1777 fraude
853 1746 971 1792 atque
998 1734 1110 1787 dolo,
1140 1736 1212 1789 sic,
1240 1734 1350 1792 quod
1383 1734 1545 1777 nullum
1578 1734 1633 1776 sal

147 1805 286 1862 aliquo
318 1803 446 1847 modo
479 1815 547 1847 aut
572 1804 711 1847 colore
739 1806 941 1862 exquisito
968 1821 1042 1862 pro
1070 1821 1113 1848 se
1139 1820 1336 1863 usurpare
1368 1803 1526 1848 debebo
1559 1821 1633 1848 nec

148 1876 190 1918 in
221 1875 410 1933 deposito
437 1890 636 1932 reponere
670 1886 737 1918 aut
763 1892 1006 1934 quacunque
1035 1878 1255 1919 occasione
1289 1892 1358 1933 per
1392 1892 1434 1918 se
1468 1876 1530 1918 vel
1565 1891 1635 1933 per

147 1948 250 1991 alios
271 1949 408 2005 ipsum
426 1962 650 2000 reservare,
667 1946 767 1990 dum
786 1964 936 2005 zuppas
954 1947 1112 1991 debebo
1131 1949 1351 2006 resignare,
1371 1963 1472 2006 quas
1495 1948 1635 2004 utique

148 2017 321 2062 fideliter
341 2034 408 2061 me
426 2018 611 2074 astringo
629 2019 851 2075 resignare.
875 2018 926 2061 Et
949 2019 981 2061 si
1000 2018 1164 2075 aliquod
1189 2019 1247 2060 sal
1270 2019 1312 2060 in
1329 2017 1519 2075 deposito
1537 2029 1632 2060 tunc

148 2090 362 2132 inventum
398 2088 531 2142 fuerit,
558 2089 693 2146 ipsum
728 2090 885 2146 integre
917 2104 992 2146 pro
1019 2089 1213 2132 thezauro
1239 2087 1398 2131 domini
1433 2089 1540 2144 regis
1565 2086 1636 2130 de-

148 2160 258 2205 bebit
290 2160 467 2204 infiscari
491 2171 530 2203 et
551 2161 749 2203 converti.
774 2161 862 2213 Qui
882 2160 1049 2217 quidem
1073 2159 1269 2202 dominus
1303 2175 1371 2202 rex
1394 2160 1434 2201 in
1462 2159 1634 2216 singulis

148 2234 212 2276 sui
244 2233 359 2289 regni
393 2231 565 2275 Polonie
590 2232 709 2274 terris
736 2247 807 2273 seu
835 2232 938 2274 locis
961 2230 1079 2274 debet
1106 2231 1381 2273 seriosissime
1403 2230 1632 2287 prohibere,

149 2319 200 2346 ne
232 2303 289 2346 sal
322 2302 484 2360 aliquod
520 2301 570 2345 de
603 2302 690 2345 aliis
722 2302 904 2360 partibus
936 2302 984 2345 ad
1018 2317 1194 2359 reguum
1228 2317 1349 2344 suum
1385 2301 1630 2352 adducatur3

149 2390 227 2432 ego
249 2389 350 2417 vero
371 2389 518 2417 omnes
541 2384 728 2416 vectores
750 2384 788 2416 et
810 2373 1016 2430 quoslibet
1036 2373 1228 2416 homines
1254 2387 1328 2430 pro
1352 2372 1433 2414 sale
1455 2371 1633 2414 emendo

148 2447 359 2489 venientes
379 2445 537 2489 debebo
559 2446 664 2488 circa
693 2446 778 2487 iura
801 2456 840 2488 et
862 2444 1179 2488 consuetudines
1203 2445 1388 2501 antiquas
1411 2444 1633 2495 dimittere,

149 2533 223 2561 nec
250 2531 321 2559 eos
354 2515 556 2574 aliquibus
588 2515 898 2573 gravaminibus
930 2517 1092 2558 noviter
1119 2516 1296 2557 inventis
1329 2526 1395 2556 aut
1422 2515 1636 2556 invenien-

148 2586 211 2630 dis
228 2588 476 2645 opprimere,
493 2587 580 2629 vias
599 2587 737 2640 etiam,
755 2597 900 2643 pontes
919 2597 957 2628 et
975 2587 1119 2628 itinera
1136 2585 1341 2628 destructa
1361 2584 1557 2627 ratificare
1575 2584 1634 2642 (5)

149 2670 190 2702 et
227 2657 442 2701 meliorare
474 2655 632 2700 debebo
665 2659 775 2700 iuxta
807 2657 1150 2700 consuetudinem
1184 2656 1336 2699 diutius
1374 2655 1635 2698 observatam

150 2744 195 2772 ac
226 2729 422 2771 tutiorem
456 2743 667 2770 accessum
702 2727 936 2770 vectoribus
969 2740 1007 2771 et
1040 2728 1128 2769 aliis
1161 2741 1236 2784 pro
1262 2727 1344 2769 sale
1377 2725 1636 2768 venientibus

150 2815 383 2858 procurare.
418 2799 505 2852 Qui
538 2800 661 2841 etiam
694 2797 890 2841 dominus
924 2813 991 2840 rex
1026 2814 1092 2840 me
1125 2797 1173 2840 ab
1201 2798 1315 2839 omni
1340 2796 1635 2848 iurisdictione,

152 2870 303 2914 iudicio
330 2881 368 2912 et
400 2881 600 2927 potestate
627 2870 817 2912 omnium
848 2870 961 2925 regni
989 2870 1050 2911 sui
1080 2869 1368 2926 palatinorum,
1395 2867 1637 2910 castellano-

153 2956 262 2993 rum,
294 2940 492 2993 iudicum,
525 2939 785 2983 subiudicum
819 2951 857 2982 ct
889 2954 1233 2997 quorumcunque
1266 2937 1505 2981 officialium
1541 2952 1636 2979 suo-
