2201 3554
485 426 892 487 quadringentesimo
924 423 1088 466 decimo
1115 434 1277 474 octavo,
1311 420 1536 463 indictione
1569 417 1802 469 undecima,
1825 415 1890 458 die
1915 427 1970 470 24

487 501 642 543 mensis
674 497 828 555 Aprilis
860 507 935 538 etc.
970 510 1078 538 anno
1111 494 1260 551 primo.

582 594 686 627 Arch.
715 591 792 626 Vnt.
816 591 914 624 Arm.
937 589 1068 630 XXIX,
1086 601 1118 622 v.
1137 599 1168 630 4,
1189 587 1207 621 f.
1228 597 1305 633 (μγ.
1333 607 1378 611 -
1407 585 1472 620 Sub
1497 588 1648 619 ctmlcxtu
1675 583 1751 616 haec
1777 582 1843 615 alia
1870 591 1971 614 manu

487 655 608 700 srrspta
631 653 859 685 snvcm'zmtur:
886 648 958 682 Vis.
974 647 1016 681 N.
1032 648 1074 682 de
1090 647 1306 681 urbeveteri.
1326 667 1368 670 —
1388 644 1593 691 Lupliardus
1620 643 1698 677 coll.
1726 654 1785 688 per
1811 639 1973 675 eundem.

487 734 531 738 -
562 712 595 745 ss.
624 712 635 744 I
663 723 713 757 gr.
742 709 817 743 1111.

578 832 647 872 30.
682 827 896 870 Fidcinssio
923 833 995 882 pro
1029 825 1179 867 Isidoro
1211 824 1254 866 de
1287 824 1433 865 Anono
1466 820 1768 864 Mediolanensi.

1265 930 1492 982 Cracoviae,
1526 942 1578 983 25
1613 928 1727 970 Iunii
1761 939 1888 982 1419.

580 1028 681 1070 Item
717 1024 955 1068 Iacobus
982 1024 1031 1068 de
1065 1024 1376 1067 Parasnino
1396 1031 1407 1050 ¹
1443 1033 1481 1065 et
1507 1021 1764 1064 Albicius
1791 1019 1841 1062 de
1869 1019 1982 1062 Me-

491 1099 634 1142 dicis
675 1096 965 1139 fideiussorum
997 1094 1275 1137 Isidorum
1317 1093 1366 1136 de
1404 1095 1598 1136 Anono
1630 1091 1680 1135 de
1713 1089 1982 1149 Med[i]o-

494 1170 618 1212 lano
635 1205 644 1221 ‚
676 1169 769 1225 quia
792 1169 927 1224 ipsum
954 1166 1002 1209 ad
1027 1168 1090 1209 ius
1117 1166 1182 1208 hic
1206 1167 1247 1208 in
1270 1165 1473 1222 presentia
1499 1165 1597 1206 iuris
1621 1163 1751 1205 nostri
1778 1177 1906 1218 usque
1933 1158 1982 1203 ad

494 1240 621 1282 finem
644 1250 682 1281 et
708 1238 961 1281 decisionem
981 1238 1080 1279 iuris
1107 1236 1336 1295 [statuent]
1365 1236 1406 1279 Si
1424 1236 1562 1292 ipsum
1580 1249 1665 1277 non
1683 1233 1911 1288 statuerint,
1933 1247 1983 1274 ex

495 1323 591 1353 tunc
616 1311 851 1353 amitterent
872 1324 989 1351 Suam
1012 1324 1114 1361 rem,
1132 1308 1322 1351 videlicet
1347 1320 1425 1349 100
1449 1322 1610 1349 marcas
1633 1320 1766 1363 gross.
1785 1305 1982 1347 latorum.

591 1405 651 1438 Ed.
679 1405 798 1439 Helcel
824 1405 866 1446 ΙΙ,
893 1416 944 1438 nr.
978 1403 1077 1446 1665.
1107 1424 1151 1428 —
1180 1403 1232 1448 Cs.
1260 1403 1377 1436 ibidem
1405 1414 1456 1436 nr.
1490 1400 1586 1444 1664.
1619 1400 1821 1447 «Sbigneus
1850 1400 1984 1445 Lappa-

496 1464 644 1509 nowsky
667 1484 708 1488 -
733 1471 853 1497 contra
880 1462 1063 1502 Isidorum,
1085 1462 1175 1507 quod
1201 1462 1350 1495 eundem
1378 1460 1567 1506 Sbigneum
1595 1460 1782 1505 appellavit
1807 1458 1919 1492 furem
1939 1477 1984 1482 —-

498 1524 648 1556 Isidorus
675 1523 815 1567 negavit
835 1543 879 1547 —
898 1522 1067 1566 Sbigneus
1086 1522 1184 1563 dixit,
1203 1522 1294 1567 quod
1321 1532 1393 1554 non
1419 1521 1560 1554 haberet
1583 1520 1678 1561 satis,
1696 1519 1775 1564 quia
1797 1518 1890 1552 idem
1911 1529 1984 1551 non

498 1590 587 1615 esset
614 1582 739 1615 nobilis
765 1585 819 1615 etc.
835 1595 867 1614 ».

588 1702 656 1742 31.
692 1698 907 1741 Fideiussio
940 1698 1090 1741 Allricii
1121 1698 1255 1740 Italici
1280 1706 1352 1755 pro
1386 1699 1562 1740 Antonio
1598 1696 1705 1739 Tron
1738 1695 1892 1738 Italico.

1155 1805 1380 1856 cracoviae,
1415 1806 1467 1847 18
1502 1802 1738 1847 Novembris
1771 1815 1898 1858 1419.

588 1900 842 1943 Albicius
886 1900 935 1943 de
967 1901 1119 1959 I[talia]
1152 1901 1316 1943 Italicus
1350 1899 1550 1943 fideiussit
1582 1914 1656 1957 pro
1698 1899 1988 1942 Anthonio

503 1972 655 2014 Tron
675 1981 688 1997 ²
723 1973 846 2014 etiam
878 1972 1020 2015 Italico
1053 1971 1101 2014 ad
1134 1971 1359 2028 parendum
1395 1971 1472 2013 iuri
1504 1970 1679 2013 domino
1711 1970 1899 2023 Iohanni,
1926 1984 1991 2012 ar-

502 2043 765 2100 chiepiscopo
799 2043 1077 2100 Leopoliensi,
1100 2044 1258 2085 ratione
1288 2044 1340 2085 60
1369 2057 1601 2084 marcarum
1629 2041 1870 2084 communis
1897 2055 1990 2083 mo-

504 2125 609 2165 nete,
643 2113 717 2156 sub
750 2130 852 2171 pena
885 2114 1107 2157 earundem
1145 2116 1196 2157 60
1225 2129 1473 2157 marcarum.

594 2185 724 2227 Nota:
759 2186 874 2228 Feria
906 2186 1022 2228 tertia
1056 2185 1134 2244 [in]
1162 2185 1302 2242 vigilia
1330 2186 1459 2227 sancti
1487 2184 1650 2227 Nicolai
1676 2183 1926 2240 presentavit
1952 2193 1990 2226 et

505 2257 643 2298 statuit
683 2257 820 2312 ipsum
852 2256 1112 2299 Anthonium
1152 2256 1325 2299 domino
1366 2255 1676 2312 archiepiscopo
1717 2265 1906 2311 presente
1949 2254 1991 2296 in

505 2338 638 2369 castro
673 2327 941 2370 Cracoviensi
974 2325 1023 2369 ad
1054 2326 1255 2369 iudicium
1287 2333 1520 2369 ter1·estre.³

600 2422 706 2456 Arch.
734 2421 827 2455 civit.
855 2420 1058 2464 Cracoviae,
1086 2422 1174 2455 Acta
1201 2421 1419 2463 Consuhnia,
1451 2430 1669 2466 miz—1449,
1695 2431 1726 2466 p.
1758 2430 1834 2465 135.

602 2571 611 2588 1
639 2563 832 2597 Parasnino
853 2569 916 2609 pro
943 2563 1166 2598 Paravesino.

601 2630 614 2647 2
640 2622 717 2657 MS.
744 2622 856 2657 Taon.

600 2688 615 2712 3
642 2681 695 2726 Cf.
715 2681 845 2722 Helcel,
862 2681 1090 2716 Starodawne
1108 2693 1225 2727 prawa
1246 2681 1428 2726 polskiego
1443 2680 1599 2726 pomnsski
1620 2680 1661 2721 ΙΙ,
1677 2692 1706 2725 p.
1725 2689 1803 2722 244,
1822 2691 1874 2713 nr.
1895 2677 1993 2713 1681:

512 2741 697 2774 «Veniens
719 2740 894 2774 Antonius
916 2740 1070 2774 Gallicus
1089 2742 1136 2783 (s)
1156 2741 1197 2774 de
1215 2739 1373 2774 Venetiis
1394 2759 1436 2765 —
1457 2738 1566 2773 fassus
1585 2747 1647 2781 est,
1669 2738 1760 2784 quod
1779 2739 1854 2772 vult
1875 2748 1996 2783 parere

509 2800 572 2833 iuri
600 2820 641 2824 ——
671 2811 732 2844 pro
758 2799 920 2833 omnibus
946 2799 1057 2833 causis
1083 2807 1116 2833 et
1143 2799 1252 2840 sactis,
1279 2810 1344 2844 que
1369 2799 1580 2832 reverendus
1610 2798 1644 2832 in
1670 2798 1813 2832 Christo
1839 2791 1996 2843 pateret

509 2859 672 2892 dominus
700 2858 888 2902 [Iohannes
909 2859 951 2892 de
973 2858 1170 2903 ffleszowJ,
1192 2858 1471 2904 archiepiscopus
1493 2857 1742 2903 Leopoliensis,
1760 2867 1862 2903 super
1882 2857 1995 2902 ipsum

511 2917 759 2962 proposuerit»
787 2918 824 2962 (9
846 2916 1035 2951 Decembris
1059 2918 1176 2962 1419).
