2201 3554
0 765 6 813 w
0 567 10 747 .-„=-.-v
0 437 13 554 »uoeur
0 358 16 423 nu,-
0 298 15 343 λι
15 278 24 285 ἡ
2 238 13 261 0
0 128 23 226 ,fajo-
0 0 26 115 ἰὀῩἻῇ

811 327 1042 368 -95-

183 424 444 481 quantitates,
475 438 554 480 que
585 423 633 466 ad
670 439 815 466 manus
848 440 941 467 suas
973 441 1021 467 ex
1054 425 1160 468 dicta
1194 442 1314 468 causa
1349 426 1544 468 hactenus
1577 441 1672 483 pro-

182 505 387 538 venerunt
419 509 490 536 seu
522 495 563 537 in
598 488 782 537 futurum
815 497 1071 552 provenient,
1095 497 1344 553 integraliter
1366 496 1495 539 tradat
1519 508 1558 538 et
1585 497 1670 538 sine

182 564 462 608 diminutione
500 567 718 622 consignet
761 567 869 608 iuxta
914 567 1087 609 modum
1121 579 1159 609 et
1193 567 1373 610 formam
1408 569 1448 609 in
1481 566 1670 624 predictis

180 635 334 678 nostris
365 635 510 678 litteris
537 650 787 692 expressam.
811 644 820 662 ¹
857 636 1010 678 Datum
1042 637 1227 679 Bononio
1260 654 1286 692 4
1313 635 1504 679 kalendas
1538 636 1673 680 Octo-

181 703 280 759 bris,
314 720 425 749 anno
456 707 616 762 quinto.

275 805 362 853 Reg.
390 805 469 840 Vat.
492 805 568 851 346,
587 806 610 840 s.
633 806 711 850 256.
736 827 774 832 —
797 807 837 840 In
865 809 1033 853 margine:
1062 808 1113 842 Dc
1132 810 1236 842 curia.
1254 830 1295 834 —
1316 809 1355 842 In
1374 809 1465 853 sinc:
1496 809 1584 843 Coll.
1615 820 1672 854 per

183 876 242 900 me
265 865 302 900 P.
330 866 373 900 de
398 865 537 900 Tulhia.
564 887 609 891 —-
635 866 672 900 P.
699 866 741 900 de
767 866 930 901 Casaciis.

273 1010 343 1052 89.
377 1007 522 1052 Salvus
553 1007 763 1050 conductus
780 1018 851 1066 pro
879 1009 1014 1052 Iacobo
1037 1010 1079 1052 de
1106 1010 1370 1061 Paravesinis,
1390 1012 1526 1052 nuntio
1554 1011 1673 1053 Mar-

184 1079 260 1121 tini
279 1086 346 1136 pp.
382 1078 431 1129 V,
457 1079 498 1120 in
526 1078 732 1121 Poloniam
759 1088 790 1121 et
817 1078 919 1121 alias
944 1081 985 1122 in
1007 1088 1137 1136 parles
1158 1080 1425 1137 proficiscenti.

907 1168 1066 1221 Romae,
1099 1182 1152 1224 24
1188 1169 1423 1212 Novembris
1458 1184 1583 1225 1421.

270 1250 477 1294 Martinus
519 1261 596 1293 etc.
640 1250 956 1293 Venerabilibus
999 1250 1189 1294 fratribus
1231 1252 1471 1308 patriarchis
1505 1264 1581 1295 etc.
1610 1268 1674 1296 sa-

182 1322 313 1366 lutem
345 1333 421 1365 etc.
456 1321 568 1365 Com
601 1320 775 1364 dilectus
808 1321 914 1364 filius
946 1321 1096 1364 nobilis
1129 1323 1190 1364 vir
1223 1322 1395 1365 Iacobus
1427 1322 1476 1365 de
1500 1324 1674 1365 parave-

183 1394 299 1446 sinis,
330 1391 577 1436 domicellus
610 1391 949 1445 Mediolanensis,
984 1392 1196 1435 familiaris
1229 1405 1268 1435 et
1301 1395 1477 1436 nuncius
1519 1405 1673 1445 noster,

182 1478 258 1522 pro
289 1463 486 1507 nonnulis
517 1464 671 1507 nostris
693 1475 733 1506 et
757 1464 946 1507 Romane
964 1464 1144 1508 Ecclesie
1165 1465 1302 1507 arduis
1326 1466 1503 1521 negotiis
1531 1464 1673 1507 habeat

181 1534 232 1579 ad
265 1535 394 1587 ltalie,
427 1535 667 1587 Germanie,
700 1536 898 1592 Ungarie,
944 1537 1128 1589 Boemie,
1162 1537 1349 1588 Polonie,
1383 1535 1599 1578 Lithuanie
1635 1547 1674 1578 et

182 1605 406 1650 nonnullas
448 1606 546 1648 alias
589 1606 735 1648 mundi
778 1617 912 1663 partes
953 1606 1073 1649 dante
1113 1608 1302 1650 Domino
1342 1606 1563 1663 proficisci,
1597 1621 1673 1648 nos

183 1678 395 1734 cupientes
426 1676 605 1720 eundem
638 1675 850 1727 Iacobum,
876 1678 1133 1730 comitivam,
1158 1678 1393 1729 familiares,
1417 1677 1608 1719 animalia
1635 1688 1674 1718 ct

183 1748 331 1791 omnia
355 1747 463 1791 bona
494 1763 566 1790 sua
598 1748 641 1790 in
673 1747 823 1800 eundo,
857 1748 1003 1791 stando
1045 1760 1083 1791 et
1116 1748 1326 1792 redeundo
1368 1748 1486 1805 plena
1525 1747 1674 1804 ubique

182 1820 398 1863 securitate
430 1818 621 1875 gaudere,
653 1819 964 1861 universitatem
998 1831 1179 1862 vestram
1206 1831 1246 1862 et
1273 1831 1458 1862 vestrum
1487 1819 1673 1875 singulos

181 1890 436 1948 presentium
473 1900 616 1932 tenore
659 1889 907 1947 requirimus
940 1901 979 1932 et
1012 1889 1227 1932 hortamur
1260 1891 1300 1932 in
1335 1890 1538 1940 Domino,
1574 1903 1673 1945 qua-

181 1972 302 2004 tenus
333 1975 409 2018 pro
440 1971 581 2003 nostra
613 1971 654 2002 et
685 1961 910 2017 apostolice
944 1960 1061 2004 Sedis
1094 1961 1322 2003 reverentia
1368 1959 1572 2016 prefatum
1613 1959 1674 2001 Ia-

182 2030 335 2075 cobum
367 2046 464 2074 curn
496 2032 585 2074 eius
617 2032 830 2084 comitiva,
868 2031 1149 2083 familiaribus,
1183 2031 1444 2083 animalibus,
1479 2029 1601 2072 rebus
1635 2041 1674 2072 et

182 2101 304 2146 bonis
337 2101 503 2160 prefatis
529 2101 706 2160 benigne
737 2104 993 2160 recipientes,
1017 2103 1158 2145 sinatis
1190 2117 1260 2159 per
1293 2114 1434 2145 nostra
1467 2113 1506 2144 et
1541 2113 1673 2144 vestra

183 2174 402 2226 territoria,
434 2175 634 2227 civitates,
665 2185 807 2224 terras,
840 2190 998 2231 passus,
1031 2185 1191 2231 ponteS,
1224 2175 1311 2215 vias
1333 2185 1373 2215 et
1395 2172 1572 2231 quelibet
1599 2172 1673 2215 alia

185 2245 276 2288 loca
323 2245 410 2288 sine
457 2244 781 2288 contradictione
814 2245 877 2287 vel
912 2244 1212 2302 impedimento
1257 2242 1382 2286 libere
1415 2243 1673 2300 pertransire,

185 2327 306 2369 stare,
327 2315 515 2360 recedere
537 2327 577 2358 et
599 2317 763 2369 reverti,
790 2317 1145 2373 quotienscunque
1170 2315 1333 2358 duxerit
1365 2313 1674 2372 requirendum,

186 2388 311 2430 etiam
343 2385 496 2444 absque
527 2387 735 2430 solutione
762 2387 933 2429 alicuius
965 2386 1075 2438 datii,
1108 2385 1264 2442 pedagii
1300 2385 1363 2427 vel
1391 2384 1563 2441 gabelle,
1603 2399 1675 2426 an-

184 2458 302 2516 garii,
343 2458 571 2515 perangarii
603 2473 634 2510 s,
668 2457 901 2500 fundinavis
937 2469 976 2500 et
1009 2457 1307 2512 cuiuscumque
1340 2455 1502 2497 alterius
1535 2454 1674 2496 oneris

185 2529 321 2582 realis,
365 2528 591 2586 personalis
633 2529 697 2571 vel
744 2529 871 2579 misti,
904 2529 1089 2584 impositi
1135 2542 1206 2569 seu
1251 2527 1374 2569 etiam
1420 2524 1674 2582 imponendi,

185 2600 437 2658 quinimmo,
469 2601 661 2658 quotiens
685 2600 870 2657 requisiti
894 2598 1065 2650 fueritis,
1098 2597 1148 2641 de
1187 2612 1334 2640 securo
1366 2598 1553 2646 transitu,
1586 2611 1676 2652 per-

187 2671 405 2714 mansione
437 2682 476 2714 et
509 2686 699 2729 regressu
717 2686 761 2713 ac
780 2685 922 2713 secura
941 2681 1074 2712 scorta
1093 2668 1302 2725 liberoque
1321 2668 1436 2710 salvo
1469 2666 1674 2709 conductu

187 2741 352 2795 Iacobo,
369 2743 582 2796 comitii-e,
597 2742 883 2794 familiaribus,
895 2740 1157 2791 animalibus,
1176 2738 1295 2782 bonis
1314 2750 1352 2781 et
1370 2737 1491 2781 rebus
1508 2737 1674 2795 prefatis

187 2814 245 2857 sic
276 2813 497 2857 liberaliter
528 2814 664 2856 velitis
691 2828 766 2870 pro
799 2824 939 2855 nostra
976 2823 1014 2854 ct
1047 2810 1154 2854 dicte
1181 2810 1298 2853 Sedis
1326 2809 1553 2852 reverentia
1581 2822 1675 2865 pro-

287 2926 295 2944 ¹
326 2919 403 2954 MS.
429 2927 678 2965 expressatam.
