2201 3554
841 334 888 376 33
926 347 982 351 '‘-

208 432 259 475 Et
290 433 426 489 primo
457 431 632 475 domino
665 433 848 475 Henrico
880 431 1080 476 laboravit
1114 434 1278 487 crinale,
1313 434 1360 478 ad
1393 434 1502 492 quod
1531 437 1609 478 cri-

119 502 211 546 nale
242 504 379 560 posuit
417 517 462 558 15
499 503 651 560 lapides
684 504 888 559 pretiosos
920 515 960 546 et
991 519 1139 546 aurum
1172 504 1220 548 ad
1263 504 1606 549 reformationem

119 572 288 630 predicti
321 573 485 615 crinalis
518 571 567 615 de
599 573 720 630 perlis
743 588 851 615 ‘cum
885 572 1023 616 labore
1056 589 1131 630 pro
1166 576 1188 616 6
1223 582 1387 618 marcis.

208 644 258 686 Et
290 659 364 701 pro
396 659 460 696 eo,
492 645 585 701 quia
628 643 762 686 eidem
800 645 982 686 Henrico
1014 645 1063 687 de
1100 647 1277 702 propriis
1310 646 1432 703 perlis
1464 646 1607 689 eaden]

118 714 288 758 domina
320 715 471 758 crinale
498 714 676 758 confecit
709 726 748 758 et
781 716 865 758 suis
892 715 1092 772 lapidibus
1120 732 1194 774 pro
1227 731 1251 773 7
1286 719 1449 760 marcis.

207 786 258 829 Et
279 801 353 844 pro
376 801 440 839 eo,
463 787 557 844 quia
580 785 714 829 eidem
736 787 920 829 Henrico
944 786 1037 829 fecit
1063 787 1248 843 galerum
1271 788 1369 830 alias
1403 804 1423 830 c
1440 788 1449 830 l
1466 787 1528 831 ob
1545 805 1608 846 ug

67 885 70 888 >
118 872 216 900 cum
248 858 423 915 propriis
456 857 579 915 perlis
611 856 782 900 dimidie
816 873 951 901 marce
975 874 1070 901 cum
1097 859 1270 902 dimidio
1299 870 1417 902 scoto
1445 871 1483 902 ct
1509 875 1609 917 qua-

117 939 213 972 tuor
244 929 352 971 ulnis
384 929 470 971 auri
497 939 537 970 et
569 944 647 971 una
681 929 775 971 ulna
806 928 905 971 tafte
932 940 970 971 et
997 945 1071 985 pro
1097 941 1273 986 quatuor
1300 930 1407 972 ulnis
1438 932 1609 987 partica-

117 1014 212 1042 rum
245 1014 463 1042 aurearum
490 999 586 1041 alias
619 999 869 1042 listwice
908 1000 1077 1052 slote,
1111 1016 1190 1057 que
1224 1002 1264 1043 in
1292 1017 1484 1058 suinpma
1511 1017 1606 1044 cum

117 1069 257 1114 labore
289 1071 502 1113 continent
535 1071 558 1113 8
594 1085 767 1113 marcas.

206 1142 288 1184 Pro
329 1156 393 1194 eo,
425 1140 536 1198 quod
570 1140 647 1184 sibi
688 1157 763 1198 pro
796 1141 1019 1185 hastiludio
1064 1141 1266 1186 laboravit
1309 1143 1483 1186 ducenta
1526 1144 1607 1187 lilia

117 1211 207 1256 alba
234 1227 309 1270 pro
342 1213 366 1255 8
401 1213 567 1255 marcis.

206 1282 288 1325 Pro
320 1297 384 1335 eo,
417 1282 527 1338 quod
560 1280 695 1325 eidem
722 1283 799 1325 tria
832 1283 999 1325 crinalia
1033 1294 1223 1340 argentea
1257 1283 1353 1328 fecit
1386 1284 1434 1327 ad
1467 1284 1610 1327 astilu-

116 1353 232 1397 dium
259 1363 298 1396 et
323 1352 395 1396 tibi
423 1353 651 1396 Hinczconi
678 1353 919 1397 huiusmodi
941 1352 1038 1407 duo,
1062 1353 1273 1411 quodlibet
1295 1370 1370 1412 pro
1396 1357 1418 1398 6
1444 1356 1607 1398 marcis.

205 1425 290 1467 Pro
306 1439 370 1476 eo,
387 1425 482 1482 quia
499 1424 634 1467 eidem
657 1425 839 1467 Henrico
863 1425 987 1467 etiam
1010 1424 1059 1468 ad
1082 1425 1322 1469 astiludium
1347 1438 1608 1483 aparamenta

117 1507 156 1538 et
176 1495 418 1539 indumenta
431 1510 527 1538 cum
542 1494 768 1537 monilibus
787 1493 987 1537 laboravit
1005 1495 1054 1538 de
1067 1497 1198 1552 porris
1211 1497 1271 1554 (ς)
1284 1511 1358 1553 pro
1374 1499 1428 1539 26
1443 1498 1607 1540 marcis.

206 1568 289 1610 Pro
321 1582 385 1619 eo,
411 1567 505 1624 quia
533 1566 667 1610 eidem
699 1567 886 1624 galerum
919 1565 969 1609 de
996 1569 1141 1625 pennis
1168 1567 1384 1611 ardearum
1418 1569 1609 1626 czaple

117 1637 227 1692 fecit,
249 1649 289 1681 et
313 1637 426 1696 quod
457 1636 568 1681 dedit
599 1637 648 1680 de
674 1639 852 1695 propriis
873 1638 994 1695 perlis
1027 1654 1157 1681 unum
1181 1638 1268 1682 loth
1296 1650 1335 1682 et
1362 1655 1492 1682 unum
1517 1655 1610 1683 mo-

116 1709 199 1752 nile
231 1720 270 1752 et
301 1707 519 1752 dimidiam
551 1708 692 1751 ulnam
725 1709 812 1751 auri
845 1723 919 1766 pro
955 1722 977 1751 2
1013 1711 1177 1752 marcis.

206 1781 288 1823 Pro
320 1795 385 1831 eo,
416 1780 510 1837 quia
541 1790 735 1836 torquem
778 1779 876 1822 alias
909 1795 1152 1823 noszene
1194 1779 1269 1823 sibi
1313 1779 1526 1833 laboravit,
1559 1780 1608 1824 ad

116 1866 240 1909 quam
262 1850 312 1894 de
338 1851 513 1908 propriis
541 1851 679 1908 posuit
710 1864 757 1907 35
789 1850 943 1908 lapides
971 1852 1174 1908 pretiosos
1197 1867 1294 1894 cum
1316 1852 1473 1895 duabus
1500 1852 1608 1895 ulnis

115 1923 204 1965 auri
236 1937 311 1979 pro
350 1936 395 1978 Ι5
433 1922 596 1965 marcis.

205 1993 287 2036 Pro
319 2008 384 2046 eo,
416 1994 510 2051 quia
542 1992 677 2036 eidem
710 1993 893 2035 Henrico
916 1992 1117 2036 laboravit
1148 1994 1224 2036 tria
1251 1994 1418 2036 crinalia
1441 1994 1491 2038 de
1513 2009 1610 2052 pro-

116 2064 214 2121 priis
247 2064 376 2120 pertis
394 2062 454 2122 (s)
486 2061 688 2120 lapidibus
721 2073 760 2105 et
791 2078 893 2105 auro
926 2078 1001 2119 pro
1041 2064 1087 2106 18
1122 2065 1287 2107 marcis.

204 2135 288 2177 Pro
313 2149 378 2187 eo,
409 2135 504 2191 quia
537 2132 613 2176 sibi
645 2133 847 2176 laboravit
876 2134 1047 2176 monilia
1079 2150 1201 2192 super
1233 2146 1408 2192 quatuor
1440 2137 1608 2179 crinalia

115 2205 165 2250 de
190 2205 327 2263 perlis,
360 2219 482 2262 super
513 2220 597 2262 quo
629 2203 769 2247 labore
801 2205 926 2247 nichil
959 2205 1084 2257 dedit,
1112 2207 1190 2249 nisi
1223 2207 1369 2250 anulos
1396 2222 1543 2250 aureos
1570 2220 1608 2251 et

115 2288 278 2321 tenetur
309 2292 384 2335 pro
416 2276 579 2319 residua
604 2277 792 2333 impensa
825 2277 848 2320 8
884 2292 1057 2319 marcas.

180 2349 287 2391 'Pro
319 2363 384 2400 eo,
416 2347 508 2405 quia
542 2346 678 2389 eidem
721 2345 922 2389 laboravit
954 2347 1004 2390 de
1046 2349 1215 2405 proprio
1249 2364 1348 2391 auro
1387 2363 1432 2405 55
1472 2349 1607 2392 stellas

115 2434 259 2462 aureas
291 2433 410 2475 super
443 2417 625 2475 iopulani
660 2417 707 2460 ad
742 2418 1079 2461 corzandum
1115 2435 1188 2476 pro
1226 2435 1242 2476 5
1282 2421 1447 2462 marcis.

205 2490 286 2532 Pro
319 2504 382 2541 eo,
415 2489 509 2545 quia
542 2488 617 2546 ipsi
651 2487 910 2531 meliorando
949 2491 997 2531 16
1032 2491 1139 2547 paria
1174 2490 1330 2533 alarum
1375 2492 1536 2547 aposuit
1570 2502 1608 2534 et

115 2571 277 2605 tenetur
315 2562 364 2603 16
397 2574 573 2603 marcas.

205 2632 288 2675 Pro
313 2647 377 2682 eo,
399 2633 494 2689 quia
515 2629 648 2674 eidem
677 2646 806 2674 unum
841 2647 1141 2688 puszonem
1175 2647 1249 2689 pro
1284 2646 1332 2674 10
1356 2634 1506 2675 marcis
1534 2632 1607 2691 [la-

115 2701 295 2761 boravit]
328 2717 403 2759 pro
435 2717 567 2759 coque
595 2701 671 2744 sibi
704 2713 879 2745 tenetur.

204 2774 287 2816 Pro
320 2788 403 2815 uno
435 2772 566 2830 lapide
598 2772 709 2815 dicto
742 2773 965 2815 iacbant
999 2786 1047 2828 25
1085 2772 1282 2816 florenos.

205 2845 286 2888 Pro
319 2859 384 2897 cc,
416 2845 509 2901 quia
543 2843 619 2886 sibi
653 2860 736 2887 non
770 2844 930 2886 solvisti
963 2859 979 2900 5
1013 2859 1172 2886 marcas
1198 2859 1274 2902 pro
1307 2845 1453 2902 pennis
1482 2855 1607 2887 strut-

115 2915 281 2959 tionum
313 2915 530 2972 argenteis.

269 3043 282 3078 3
