<?xml version="1.0" encoding="UTF-8"?>
<!DOCTYPE html PUBLIC "-//W3C//DTD XHTML 1.0 Transitional//EN"
    "http://www.w3.org/TR/xhtml1/DTD/xhtml1-transitional.dtd">
<html xmlns="http://www.w3.org/1999/xhtml" xml:lang="en" lang="en">
 <head>
  <title>
</title>
<meta http-equiv="Content-Type" content="text/html;charset=utf-8" />
  <meta name='ocr-system' content='tesseract 3.04.00' />
  <meta name='ocr-capabilities' content='ocr_page ocr_carea ocr_par ocr_line ocrx_word'/>
</head>
<body>
  <div class='ocr_page' id='page_1' title='image "./italiamercatoria00ptanuoft/italiamercatoria00ptanuoft_0103.png"; bbox 0 0 2201 3554; ppageno 0'>
   <div class='ocr_carea' id='block_1_1' title="bbox 757 321 991 362">
    <p class='ocr_par' dir='ltr' id='par_1_1' title="bbox 757 321 991 362">
     <span class='ocr_line' id='line_1_1' title="bbox 757 321 991 362; baseline 0.004 -25"><span class='ocrx_word' id='word_1_1' title='bbox 757 321 991 362; x_wconf 65' lang='lat'>—15-</span> 
     </span>
    </p>
   </div>
   <div class='ocr_carea' id='block_1_2' title="bbox 117 415 1618 2959">
    <p class='ocr_par' dir='ltr' id='par_1_2' title="bbox 117 415 1618 2959">
     <span class='ocr_line' id='line_1_2' title="bbox 129 415 1616 476; baseline 0.001 -16"><span class='ocrx_word' id='word_1_2' title='bbox 129 418 208 470; x_wconf 79' lang='lat' dir='ltr'>vie,</span> <span class='ocrx_word' id='word_1_3' title='bbox 241 415 445 459; x_wconf 87' lang='lat' dir='ltr'>Iohannes</span> <span class='ocrx_word' id='word_1_4' title='bbox 476 416 527 459; x_wconf 90' lang='lat' dir='ltr'>de</span> <span class='ocrx_word' id='word_1_5' title='bbox 561 417 785 459; x_wconf 74' lang='lat' dir='ltr'>Parvisinis</span> <span class='ocrx_word' id='word_1_6' title='bbox 818 417 868 460; x_wconf 91' lang='lat' dir='ltr'>de</span> <span class='ocrx_word' id='word_1_7' title='bbox 901 417 1154 470; x_wconf 73' lang='lat' dir='ltr'>Mediolano,</span> <span class='ocrx_word' id='word_1_8' title='bbox 1186 419 1386 461; x_wconf 84' lang='lat' dir='ltr'>Nicolaus</span> <span class='ocrx_word' id='word_1_9' title='bbox 1414 420 1533 476; x_wconf 71' lang='lat' dir='ltr'>vagii</span> <span class='ocrx_word' id='word_1_10' title='bbox 1567 418 1616 461; x_wconf 91' lang='lat' dir='ltr'>de</span> 
     </span>
     <span class='ocr_line' id='line_1_3' title="bbox 130 487 1617 541; baseline 0 -9"><span class='ocrx_word' id='word_1_11' title='bbox 130 488 350 539; x_wconf 88' lang='lat' dir='ltr'>Florentia,</span> <span class='ocrx_word' id='word_1_12' title='bbox 384 488 530 530; x_wconf 87' lang='lat' dir='ltr'>Petrus</span> <span class='ocrx_word' id='word_1_13' title='bbox 557 487 752 530; x_wconf 89' lang='lat' dir='ltr'>Iohannis</span> <span class='ocrx_word' id='word_1_14' title='bbox 784 487 834 530; x_wconf 88' lang='lat' dir='ltr'>de</span> <span class='ocrx_word' id='word_1_15' title='bbox 862 488 1079 541; x_wconf 82' lang='lat' dir='ltr'>Florentia,</span> <span class='ocrx_word' id='word_1_16' title='bbox 1113 488 1284 531; x_wconf 84' lang='lat' dir='ltr'>Iacobus</span> <span class='ocrx_word' id='word_1_17' title='bbox 1317 488 1366 532; x_wconf 90' lang='lat' dir='ltr'>de</span> <span class='ocrx_word' id='word_1_18' title='bbox 1399 489 1550 532; x_wconf 82' lang='lat' dir='ltr'>ibidem</span> <span class='ocrx_word' id='word_1_19' title='bbox 1579 500 1617 532; x_wconf 91' lang='lat' dir='ltr'>et</span> 
     </span>
     <span class='ocr_line' id='line_1_4' title="bbox 127 558 1618 617; baseline 0 -15"><span class='ocrx_word' id='word_1_20' title='bbox 127 558 302 602; x_wconf 89' lang='lat' dir='ltr'>honesta</span> <span class='ocrx_word' id='word_1_21' title='bbox 326 558 602 616; x_wconf 83' lang='lat' dir='ltr'>Margaretha‚</span> <span class='ocrx_word' id='word_1_22' title='bbox 626 573 799 601; x_wconf 90' lang='lat' dir='ltr'>consors</span> <span class='ocrx_word' id='word_1_23' title='bbox 832 559 1034 601; x_wconf 87' lang='lat' dir='ltr'>Anthonii</span> <span class='ocrx_word' id='word_1_24' title='bbox 1067 560 1211 602; x_wconf 82' lang='lat' dir='ltr'>intima</span> <span class='ocrx_word' id='word_1_25' title='bbox 1247 575 1325 602; x_wconf 83' lang='lat' dir='ltr'>una</span> <span class='ocrx_word' id='word_1_26' title='bbox 1352 576 1447 603; x_wconf 88' lang='lat' dir='ltr'>cum</span> <span class='ocrx_word' id='word_1_27' title='bbox 1482 561 1618 617; x_wconf 86' lang='lat' dir='ltr'>pueris</span> 
     </span>
     <span class='ocr_line' id='line_1_5' title="bbox 127 629 1617 688; baseline 0.001 -15"><span class='ocrx_word' id='word_1_28' title='bbox 127 630 330 688; x_wconf 87' lang='lat' dir='ltr'>ipsorum,</span> <span class='ocrx_word' id='word_1_29' title='bbox 361 629 627 673; x_wconf 88' lang='lat' dir='ltr'>fideiussores</span> <span class='ocrx_word' id='word_1_30' title='bbox 660 645 734 687; x_wconf 92' lang='lat' dir='ltr'>pro</span> <span class='ocrx_word' id='word_1_31' title='bbox 766 630 914 672; x_wconf 89' lang='lat' dir='ltr'>eodem</span> <span class='ocrx_word' id='word_1_32' title='bbox 949 631 990 672; x_wconf 87' lang='lat' dir='ltr'>in</span> <span class='ocrx_word' id='word_1_33' title='bbox 1022 629 1129 673; x_wconf 80' lang='lat' dir='ltr'>bona</span> <span class='ocrx_word' id='word_1_34' title='bbox 1172 632 1322 674; x_wconf 84' lang='lat' dir='ltr'>mentis</span> <span class='ocrx_word' id='word_1_35' title='bbox 1360 643 1399 674; x_wconf 91' lang='lat' dir='ltr'>et</span> <span class='ocrx_word' id='word_1_36' title='bbox 1431 631 1617 688; x_wconf 86' lang='lat' dir='ltr'>corporis</span> 
     </span>
     <span class='ocr_line' id='line_1_6' title="bbox 127 699 1617 757; baseline 0 -13"><span class='ocrx_word' id='word_1_37' title='bbox 127 702 348 744; x_wconf 86' lang='lat' dir='ltr'>existentes</span> <span class='ocrx_word' id='word_1_38' title='bbox 381 699 617 753; x_wconf 74' lang='lat' dir='ltr'>valitudine,</span> <span class='ocrx_word' id='word_1_39' title='bbox 649 715 732 743; x_wconf 90' lang='lat' dir='ltr'>non</span> <span class='ocrx_word' id='word_1_40' title='bbox 766 701 984 757; x_wconf 90' lang='lat' dir='ltr'>compulsi,</span> <span class='ocrx_word' id='word_1_41' title='bbox 1018 716 1102 743; x_wconf 88' lang='lat' dir='ltr'>non</span> <span class='ocrx_word' id='word_1_42' title='bbox 1129 703 1274 755; x_wconf 91' lang='lat' dir='ltr'>coacti,</span> <span class='ocrx_word' id='word_1_43' title='bbox 1301 718 1375 744; x_wconf 90' lang='lat' dir='ltr'>nec</span> <span class='ocrx_word' id='word_1_44' title='bbox 1403 702 1487 744; x_wconf 90' lang='lat' dir='ltr'>ullo</span> <span class='ocrx_word' id='word_1_45' title='bbox 1518 702 1617 745; x_wconf 93' lang='lat' dir='ltr'>dolo</span> 
     </span>
     <span class='ocr_line' id='line_1_7' title="bbox 128 770 1615 828; baseline 0 -14"><span class='ocrx_word' id='word_1_46' title='bbox 128 772 282 814; x_wconf 90' lang='lat' dir='ltr'>erroris</span> <span class='ocrx_word' id='word_1_47' title='bbox 313 771 436 815; x_wconf 79' lang='lat' dir='ltr'>devio</span> <span class='ocrx_word' id='word_1_48' title='bbox 468 770 638 824; x_wconf 84' lang='lat' dir='ltr'>seducti,</span> <span class='ocrx_word' id='word_1_49' title='bbox 667 770 806 824; x_wconf 90' lang='lat' dir='ltr'>libere,</span> <span class='ocrx_word' id='word_1_50' title='bbox 834 783 994 828; x_wconf 87' lang='lat' dir='ltr'>sponte,</span> <span class='ocrx_word' id='word_1_51' title='bbox 1018 772 1105 814; x_wconf 86' lang='lat' dir='ltr'>sine</span> <span class='ocrx_word' id='word_1_52' title='bbox 1127 771 1226 815; x_wconf 91' lang='lat' dir='ltr'>dolo</span> <span class='ocrx_word' id='word_1_53' title='bbox 1246 783 1286 814; x_wconf 88' lang='lat' dir='ltr'>et</span> <span class='ocrx_word' id='word_1_54' title='bbox 1309 772 1463 825; x_wconf 84' lang='lat' dir='ltr'>fraude,</span> <span class='ocrx_word' id='word_1_55' title='bbox 1491 788 1615 815; x_wconf 90' lang='lat' dir='ltr'>manu</span> 
     </span>
     <span class='ocr_line' id='line_1_8' title="bbox 126 841 1617 899; baseline 0.001 -15"><span class='ocrx_word' id='word_1_56' title='bbox 126 842 348 885; x_wconf 86' lang='lat' dir='ltr'>coniuncta</span> <span class='ocrx_word' id='word_1_57' title='bbox 374 852 413 884; x_wconf 90' lang='lat' dir='ltr'>et</span> <span class='ocrx_word' id='word_1_58' title='bbox 438 842 480 884; x_wconf 92' lang='lat' dir='ltr'>in</span> <span class='ocrx_word' id='word_1_59' title='bbox 507 841 687 884; x_wconf 90' lang='lat' dir='ltr'>solidum</span> <span class='ocrx_word' id='word_1_60' title='bbox 721 854 1071 899; x_wconf 78' lang='lat' dir='ltr'>recognoverunt,</span> <span class='ocrx_word' id='word_1_61' title='bbox 1095 858 1137 884; x_wconf 90' lang='lat' dir='ltr'>se</span> <span class='ocrx_word' id='word_1_62' title='bbox 1163 841 1414 885; x_wconf 80' lang='lat' dir='ltr'>fideiussisse</span> <span class='ocrx_word' id='word_1_63' title='bbox 1442 844 1617 885; x_wconf 88' lang='lat' dir='ltr'>serenis—</span> 
     </span>
     <span class='ocr_line' id='line_1_9' title="bbox 127 910 1617 971; baseline 0.001 -16"><span class='ocrx_word' id='word_1_64' title='bbox 127 913 238 955; x_wconf 90' lang='lat' dir='ltr'>simo</span> <span class='ocrx_word' id='word_1_65' title='bbox 260 913 431 970; x_wconf 84' lang='lat' dir='ltr'>principi</span> <span class='ocrx_word' id='word_1_66' title='bbox 456 922 495 954; x_wconf 91' lang='lat' dir='ltr'>et</span> <span class='ocrx_word' id='word_1_67' title='bbox 514 911 689 955; x_wconf 91' lang='lat' dir='ltr'>domino</span> <span class='ocrx_word' id='word_1_68' title='bbox 711 910 886 955; x_wconf 90' lang='lat' dir='ltr'>domino</span> <span class='ocrx_word' id='word_1_69' title='bbox 908 912 1153 966; x_wconf 80' lang='lat' dir='ltr'>wladislao,</span> <span class='ocrx_word' id='word_1_70' title='bbox 1181 913 1257 956; x_wconf 89' lang='lat' dir='ltr'>Dei</span> <span class='ocrx_word' id='word_1_71' title='bbox 1282 915 1409 970; x_wconf 79' lang='lat' dir='ltr'>gratia</span> <span class='ocrx_word' id='word_1_72' title='bbox 1428 915 1510 971; x_wconf 82' lang='lat' dir='ltr'>regi</span> <span class='ocrx_word' id='word_1_73' title='bbox 1537 915 1617 956; x_wconf 90' lang='lat' dir='ltr'>Po-</span> 
     </span>
     <span class='ocr_line' id='line_1_10' title="bbox 127 983 1616 1040; baseline 0.001 -14"><span class='ocrx_word' id='word_1_74' title='bbox 127 984 240 1027; x_wconf 90' lang='lat' dir='ltr'>lonie</span> <span class='ocrx_word' id='word_1_75' title='bbox 256 996 298 1027; x_wconf 90' lang='lat' dir='ltr'>et</span> <span class='ocrx_word' id='word_1_76' title='bbox 315 984 491 1028; x_wconf 89' lang='lat' dir='ltr'>domino</span> <span class='ocrx_word' id='word_1_77' title='bbox 512 996 657 1026; x_wconf 88' lang='lat' dir='ltr'>nostro</span> <span class='ocrx_word' id='word_1_78' title='bbox 671 984 994 1040; x_wconf 84' lang='lat' dir='ltr'>gloriosissimo,</span> <span class='ocrx_word' id='word_1_79' title='bbox 1011 995 1049 1026; x_wconf 89' lang='lat' dir='ltr'>et</span> <span class='ocrx_word' id='word_1_80' title='bbox 1066 985 1217 1026; x_wconf 86' lang='lat' dir='ltr'>inclitis</span> <span class='ocrx_word' id='word_1_81' title='bbox 1235 983 1329 1027; x_wconf 81' lang='lat' dir='ltr'>filiis</span> <span class='ocrx_word' id='word_1_82' title='bbox 1348 986 1430 1027; x_wconf 87' lang='lat' dir='ltr'>suis</span> <span class='ocrx_word' id='word_1_83' title='bbox 1454 1001 1616 1028; x_wconf 82' lang='lat' dir='ltr'>necnon</span> 
     </span>
     <span class='ocr_line' id='line_1_11' title="bbox 128 1053 1618 1113; baseline 0.001 -15"><span class='ocrx_word' id='word_1_84' title='bbox 128 1054 351 1113; x_wconf 86' lang='lat' dir='ltr'>magnifico</span> <span class='ocrx_word' id='word_1_85' title='bbox 369 1054 545 1098; x_wconf 89' lang='lat' dir='ltr'>domino</span> <span class='ocrx_word' id='word_1_86' title='bbox 563 1055 701 1107; x_wconf 88' lang='lat' dir='ltr'>Petro,</span> <span class='ocrx_word' id='word_1_87' title='bbox 719 1054 914 1111; x_wconf 90' lang='lat' dir='ltr'>pallatino</span> <span class='ocrx_word' id='word_1_88' title='bbox 928 1053 1270 1108; x_wconf 73' lang='lat' dir='ltr'>sandomiriensi,</span> <span class='ocrx_word' id='word_1_89' title='bbox 1285 1057 1497 1112; x_wconf 75' lang='lat' dir='ltr'>capitaneo</span> <span class='ocrx_word' id='word_1_90' title='bbox 1514 1057 1618 1100; x_wconf 83' lang='lat' dir='ltr'>Cra-</span> 
     </span>
     <span class='ocr_line' id='line_1_12' title="bbox 125 1124 1615 1178; baseline 0 -8"><span class='ocrx_word' id='word_1_91' title='bbox 125 1127 334 1170; x_wconf 87' lang='lat' dir='ltr'>coviensis</span> <span class='ocrx_word' id='word_1_92' title='bbox 360 1137 400 1169; x_wconf 89' lang='lat' dir='ltr'>et</span> <span class='ocrx_word' id='word_1_93' title='bbox 439 1124 682 1170; x_wconf 88' lang='lat' dir='ltr'>Siradiensis</span> <span class='ocrx_word' id='word_1_94' title='bbox 723 1136 943 1178; x_wconf 85' lang='lat' dir='ltr'>terrarum,</span> <span class='ocrx_word' id='word_1_95' title='bbox 980 1125 1163 1168; x_wconf 89' lang='lat' dir='ltr'>nobilem</span> <span class='ocrx_word' id='word_1_96' title='bbox 1202 1127 1480 1176; x_wconf 73' lang='lat' dir='ltr'>Anthonium,</span> <span class='ocrx_word' id='word_1_97' title='bbox 1513 1128 1615 1170; x_wconf 93' lang='lat' dir='ltr'>olim</span> 
     </span>
     <span class='ocr_line' id='line_1_13' title="bbox 125 1196 1616 1256; baseline 0.001 -15"><span class='ocrx_word' id='word_1_98' title='bbox 125 1199 340 1256; x_wconf 90' lang='lat' dir='ltr'>utriusque</span> <span class='ocrx_word' id='word_1_99' title='bbox 375 1197 470 1241; x_wconf 88' lang='lat' dir='ltr'>salis</span> <span class='ocrx_word' id='word_1_100' title='bbox 503 1197 758 1254; x_wconf 83' lang='lat' dir='ltr'>supparium,</span> <span class='ocrx_word' id='word_1_101' title='bbox 792 1198 834 1239; x_wconf 91' lang='lat' dir='ltr'>in</span> <span class='ocrx_word' id='word_1_102' title='bbox 865 1196 1002 1240; x_wconf 89' lang='lat' dir='ltr'>debito</span> <span class='ocrx_word' id='word_1_103' title='bbox 1037 1198 1193 1240; x_wconf 87' lang='lat' dir='ltr'>ratione</span> <span class='ocrx_word' id='word_1_104' title='bbox 1225 1198 1359 1241; x_wconf 86' lang='lat' dir='ltr'>salarii</span> <span class='ocrx_word' id='word_1_105' title='bbox 1392 1214 1616 1256; x_wconf 82' lang='lat' dir='ltr'>supparum</span> 
     </span>
     <span class='ocr_line' id='line_1_14' title="bbox 125 1267 1615 1326; baseline 0 -14"><span class='ocrx_word' id='word_1_106' title='bbox 125 1267 286 1312; x_wconf 90' lang='lat' dir='ltr'>domini</span> <span class='ocrx_word' id='word_1_107' title='bbox 312 1269 443 1312; x_wconf 88' lang='lat' dir='ltr'>nostri</span> <span class='ocrx_word' id='word_1_108' title='bbox 465 1269 576 1326; x_wconf 89' lang='lat' dir='ltr'>regis</span> <span class='ocrx_word' id='word_1_109' title='bbox 603 1283 675 1324; x_wconf 89' lang='lat' dir='ltr'>per</span> <span class='ocrx_word' id='word_1_110' title='bbox 700 1269 838 1325; x_wconf 88' lang='lat' dir='ltr'>ipsum</span> <span class='ocrx_word' id='word_1_111' title='bbox 866 1268 906 1310; x_wconf 91' lang='lat' dir='ltr'>in</span> <span class='ocrx_word' id='word_1_112' title='bbox 934 1269 1092 1311; x_wconf 89' lang='lat' dir='ltr'>ratione</span> <span class='ocrx_word' id='word_1_113' title='bbox 1118 1267 1360 1326; x_wconf 83' lang='lat' dir='ltr'>obligatum,</span> <span class='ocrx_word' id='word_1_114' title='bbox 1387 1269 1435 1313; x_wconf 84' lang='lat' dir='ltr'>ad</span> <span class='ocrx_word' id='word_1_115' title='bbox 1464 1269 1615 1313; x_wconf 90' lang='lat' dir='ltr'>festum</span> 
     </span>
     <span class='ocr_line' id='line_1_15' title="bbox 125 1339 1617 1398; baseline 0.001 -16"><span class='ocrx_word' id='word_1_116' title='bbox 125 1340 365 1397; x_wconf 80' lang='lat' dir='ltr'>proximum</span> <span class='ocrx_word' id='word_1_117' title='bbox 399 1339 636 1383; x_wconf 72' lang='lat' dir='ltr'>Nativitatis</span> <span class='ocrx_word' id='word_1_118' title='bbox 675 1339 833 1382; x_wconf 83' lang='lat' dir='ltr'>Christi</span> <span class='ocrx_word' id='word_1_119' title='bbox 875 1350 1123 1395; x_wconf 81' lang='lat' dir='ltr'>presentare,</span> <span class='ocrx_word' id='word_1_120' title='bbox 1156 1350 1347 1393; x_wconf 74' lang='lat' dir='ltr'>statuere,</span> <span class='ocrx_word' id='word_1_121' title='bbox 1381 1356 1534 1398; x_wconf 90' lang='lat' dir='ltr'>ponere</span> <span class='ocrx_word' id='word_1_122' title='bbox 1578 1352 1617 1384; x_wconf 90' lang='lat' dir='ltr'>et</span> 
     </span>
     <span class='ocr_line' id='line_1_16' title="bbox 124 1409 1616 1469; baseline 0.001 -17"><span class='ocrx_word' id='word_1_123' title='bbox 124 1409 260 1454; x_wconf 89' lang='lat' dir='ltr'>locare</span> <span class='ocrx_word' id='word_1_124' title='bbox 286 1411 329 1453; x_wconf 91' lang='lat' dir='ltr'>in</span> <span class='ocrx_word' id='word_1_125' title='bbox 355 1421 490 1453; x_wconf 90' lang='lat' dir='ltr'>castro</span> <span class='ocrx_word' id='word_1_126' title='bbox 518 1411 788 1454; x_wconf 74' lang='lat' dir='ltr'>Cracoviensi</span> <span class='ocrx_word' id='word_1_127' title='bbox 822 1427 965 1454; x_wconf 86' lang='lat' dir='ltr'>coram</span> <span class='ocrx_word' id='word_1_128' title='bbox 993 1412 1177 1469; x_wconf 83' lang='lat' dir='ltr'>predicto</span> <span class='ocrx_word' id='word_1_129' title='bbox 1201 1412 1426 1469; x_wconf 84' lang='lat' dir='ltr'>capitaneo,</span> <span class='ocrx_word' id='word_1_130' title='bbox 1450 1413 1481 1454; x_wconf 88' lang='lat' dir='ltr'>si</span> <span class='ocrx_word' id='word_1_131' title='bbox 1509 1424 1549 1454; x_wconf 91' lang='lat' dir='ltr'>et</span> <span class='ocrx_word' id='word_1_132' title='bbox 1574 1413 1616 1455; x_wconf 90' lang='lat' dir='ltr'>in</span> 
     </span>
     <span class='ocr_line' id='line_1_17' title="bbox 123 1481 1617 1540; baseline 0 -15"><span class='ocrx_word' id='word_1_133' title='bbox 123 1492 324 1540; x_wconf 88' lang='lat' dir='ltr'>quantum</span> <span class='ocrx_word' id='word_1_134' title='bbox 357 1481 533 1525; x_wconf 89' lang='lat' dir='ltr'>domino</span> <span class='ocrx_word' id='word_1_135' title='bbox 566 1493 711 1525; x_wconf 88' lang='lat' dir='ltr'>nostro</span> <span class='ocrx_word' id='word_1_136' title='bbox 745 1483 829 1540; x_wconf 80' lang='lat' dir='ltr'>regi</span> <span class='ocrx_word' id='word_1_137' title='bbox 863 1483 1170 1540; x_wconf 81' lang='lat' dir='ltr'>gloriosissimo</span> <span class='ocrx_word' id='word_1_138' title='bbox 1197 1498 1268 1540; x_wconf 91' lang='lat' dir='ltr'>per</span> <span class='ocrx_word' id='word_1_139' title='bbox 1294 1483 1430 1540; x_wconf 90' lang='lat' dir='ltr'>ipsum</span> <span class='ocrx_word' id='word_1_140' title='bbox 1453 1483 1617 1526; x_wconf 87' lang='lat' dir='ltr'>Antho-</span> 
     </span>
     <span class='ocr_line' id='line_1_18' title="bbox 124 1552 1616 1611; baseline 0 -15"><span class='ocrx_word' id='word_1_141' title='bbox 124 1553 241 1596; x_wconf 89' lang='lat' dir='ltr'>nium</span> <span class='ocrx_word' id='word_1_142' title='bbox 274 1553 428 1596; x_wconf 76' lang='lat' dir='ltr'>:olutio</span> <span class='ocrx_word' id='word_1_143' title='bbox 459 1569 545 1596; x_wconf 92' lang='lat' dir='ltr'>non</span> <span class='ocrx_word' id='word_1_144' title='bbox 577 1553 694 1596; x_wconf 87' lang='lat' dir='ltr'>fieret</span> <span class='ocrx_word' id='word_1_145' title='bbox 726 1554 934 1611; x_wconf 79' lang='lat' dir='ltr'>integralis</span> <span class='ocrx_word' id='word_1_146' title='bbox 967 1553 1042 1597; x_wconf 88' lang='lat' dir='ltr'>sub</span> <span class='ocrx_word' id='word_1_147' title='bbox 1075 1552 1154 1596; x_wconf 83' lang='lat' dir='ltr'>fide</span> <span class='ocrx_word' id='word_1_148' title='bbox 1187 1565 1226 1597; x_wconf 89' lang='lat' dir='ltr'>et</span> <span class='ocrx_word' id='word_1_149' title='bbox 1257 1555 1450 1597; x_wconf 87' lang='lat' dir='ltr'>omnium</span> <span class='ocrx_word' id='word_1_150' title='bbox 1483 1553 1616 1597; x_wconf 92' lang='lat' dir='ltr'>bono-</span> 
     </span>
     <span class='ocr_line' id='line_1_19' title="bbox 125 1623 1614 1682; baseline 0.001 -16"><span class='ocrx_word' id='word_1_151' title='bbox 125 1638 219 1666; x_wconf 88' lang='lat' dir='ltr'>rum</span> <span class='ocrx_word' id='word_1_152' title='bbox 262 1623 483 1667; x_wconf 86' lang='lat' dir='ltr'>mobilium</span> <span class='ocrx_word' id='word_1_153' title='bbox 516 1636 555 1667; x_wconf 89' lang='lat' dir='ltr'>et</span> <span class='ocrx_word' id='word_1_154' title='bbox 595 1624 877 1668; x_wconf 87' lang='lat' dir='ltr'>immobilium</span> <span class='ocrx_word' id='word_1_155' title='bbox 919 1626 1205 1677; x_wconf 83' lang='lat' dir='ltr'>ammissione,</span> <span class='ocrx_word' id='word_1_156' title='bbox 1238 1640 1321 1682; x_wconf 91' lang='lat' dir='ltr'>quo</span> <span class='ocrx_word' id='word_1_157' title='bbox 1364 1640 1449 1668; x_wconf 91' lang='lat' dir='ltr'>non</span> <span class='ocrx_word' id='word_1_158' title='bbox 1492 1624 1614 1678; x_wconf 79' lang='lat' dir='ltr'>facto,</span> 
     </span>
     <span class='ocr_line' id='line_1_20' title="bbox 123 1694 1614 1753; baseline 0.001 -16"><span class='ocrx_word' id='word_1_159' title='bbox 123 1694 235 1752; x_wconf 90' lang='lat' dir='ltr'>quod</span> <span class='ocrx_word' id='word_1_160' title='bbox 268 1694 387 1748; x_wconf 90' lang='lat' dir='ltr'>absit,</span> <span class='ocrx_word' id='word_1_161' title='bbox 422 1697 455 1738; x_wconf 89' lang='lat' dir='ltr'>si</span> <span class='ocrx_word' id='word_1_162' title='bbox 492 1696 628 1753; x_wconf 90' lang='lat' dir='ltr'>ipsum</span> <span class='ocrx_word' id='word_1_163' title='bbox 662 1696 924 1739; x_wconf 86' lang='lat' dir='ltr'>Anthonium</span> <span class='ocrx_word' id='word_1_164' title='bbox 968 1696 1137 1753; x_wconf 80' lang='lat' dir='ltr'>predicti</span> <span class='ocrx_word' id='word_1_165' title='bbox 1181 1695 1445 1740; x_wconf 87' lang='lat' dir='ltr'>fideiussores</span> <span class='ocrx_word' id='word_1_166' title='bbox 1488 1712 1614 1739; x_wconf 88' lang='lat' dir='ltr'>manu</span> 
     </span>
     <span class='ocr_line' id='line_1_21' title="bbox 124 1765 1614 1824; baseline 0.001 -16"><span class='ocrx_word' id='word_1_167' title='bbox 124 1766 346 1809; x_wconf 87' lang='lat' dir='ltr'>coniuncta</span> <span class='ocrx_word' id='word_1_168' title='bbox 369 1765 417 1809; x_wconf 88' lang='lat' dir='ltr'>ad</span> <span class='ocrx_word' id='word_1_169' title='bbox 445 1765 555 1809; x_wconf 89' lang='lat' dir='ltr'>diem</span> <span class='ocrx_word' id='word_1_170' title='bbox 583 1766 788 1824; x_wconf 83' lang='lat' dir='ltr'>prefixum</span> <span class='ocrx_word' id='word_1_171' title='bbox 815 1778 992 1809; x_wconf 82' lang='lat' dir='ltr'>statuere</span> <span class='ocrx_word' id='word_1_172' title='bbox 1018 1781 1103 1810; x_wconf 90' lang='lat' dir='ltr'>non</span> <span class='ocrx_word' id='word_1_173' title='bbox 1129 1778 1297 1824; x_wconf 88' lang='lat' dir='ltr'>possent</span> <span class='ocrx_word' id='word_1_174' title='bbox 1319 1778 1357 1809; x_wconf 88' lang='lat' dir='ltr'>et</span> <span class='ocrx_word' id='word_1_175' title='bbox 1385 1766 1614 1810; x_wconf 88' lang='lat' dir='ltr'>infortunio</span> 
     </span>
     <span class='ocr_line' id='line_1_22' title="bbox 123 1835 1614 1895; baseline 0.001 -15"><span class='ocrx_word' id='word_1_176' title='bbox 123 1835 332 1880; x_wconf 85' lang='lat' dir='ltr'>accidente</span> <span class='ocrx_word' id='word_1_177' title='bbox 363 1837 414 1881; x_wconf 91' lang='lat' dir='ltr'>de</span> <span class='ocrx_word' id='word_1_178' title='bbox 445 1852 575 1895; x_wconf 82' lang='lat' dir='ltr'>regno</span> <span class='ocrx_word' id='word_1_179' title='bbox 617 1837 790 1895; x_wconf 80' lang='lat' dir='ltr'>fugeret,</span> <span class='ocrx_word' id='word_1_180' title='bbox 832 1850 980 1881; x_wconf 83' lang='lat' dir='ltr'>extunc</span> <span class='ocrx_word' id='word_1_181' title='bbox 1014 1838 1185 1895; x_wconf 88' lang='lat' dir='ltr'>predicti</span> <span class='ocrx_word' id='word_1_182' title='bbox 1217 1836 1481 1880; x_wconf 87' lang='lat' dir='ltr'>fideiussores</span> <span class='ocrx_word' id='word_1_183' title='bbox 1514 1854 1614 1881; x_wconf 86' lang='lat' dir='ltr'>una-</span> 
     </span>
     <span class='ocr_line' id='line_1_23' title="bbox 123 1908 1614 1966; baseline 0.001 -16"><span class='ocrx_word' id='word_1_184' title='bbox 123 1908 292 1951; x_wconf 89' lang='lat' dir='ltr'>nimiter</span> <span class='ocrx_word' id='word_1_185' title='bbox 324 1924 450 1951; x_wconf 90' lang='lat' dir='ltr'>manu</span> <span class='ocrx_word' id='word_1_186' title='bbox 483 1909 702 1952; x_wconf 91' lang='lat' dir='ltr'>coniuncta</span> <span class='ocrx_word' id='word_1_187' title='bbox 736 1910 777 1952; x_wconf 91' lang='lat' dir='ltr'>in</span> <span class='ocrx_word' id='word_1_188' title='bbox 811 1909 904 1952; x_wconf 91' lang='lat' dir='ltr'>loco</span> <span class='ocrx_word' id='word_1_189' title='bbox 937 1910 1065 1966; x_wconf 88' lang='lat' dir='ltr'>ipsius</span> <span class='ocrx_word' id='word_1_190' title='bbox 1098 1909 1301 1952; x_wconf 87' lang='lat' dir='ltr'>Anthonii</span> <span class='ocrx_word' id='word_1_191' title='bbox 1334 1909 1374 1951; x_wconf 90' lang='lat' dir='ltr'>in</span> <span class='ocrx_word' id='word_1_192' title='bbox 1403 1910 1614 1966; x_wconf 79' lang='lat' dir='ltr'>captivita-</span> 
     </span>
     <span class='ocr_line' id='line_1_24' title="bbox 121 1979 1612 2038; baseline 0.002 -16"><span class='ocrx_word' id='word_1_193' title='bbox 121 1990 208 2022; x_wconf 90' lang='lat' dir='ltr'>tem</span> <span class='ocrx_word' id='word_1_194' title='bbox 232 1995 275 2023; x_wconf 89' lang='lat' dir='ltr'>se</span> <span class='ocrx_word' id='word_1_195' title='bbox 295 1979 600 2023; x_wconf 83' lang='lat' dir='ltr'>submisserunt</span> <span class='ocrx_word' id='word_1_196' title='bbox 617 1992 656 2024; x_wconf 90' lang='lat' dir='ltr'>et</span> <span class='ocrx_word' id='word_1_197' title='bbox 677 1980 926 2038; x_wconf 81' lang='lat' dir='ltr'>obligarunt,</span> <span class='ocrx_word' id='word_1_198' title='bbox 953 1995 1168 2038; x_wconf 88' lang='lat' dir='ltr'>quousque</span> <span class='ocrx_word' id='word_1_199' title='bbox 1190 1980 1237 2024; x_wconf 84' lang='lat' dir='ltr'>ad</span> <span class='ocrx_word' id='word_1_200' title='bbox 1258 1981 1419 2038; x_wconf 82' lang='lat' dir='ltr'>plenam</span> <span class='ocrx_word' id='word_1_201' title='bbox 1438 1981 1612 2025; x_wconf 89' lang='lat' dir='ltr'>domino</span> 
     </span>
     <span class='ocr_line' id='line_1_25' title="bbox 121 2051 1614 2110; baseline 0.001 -16"><span class='ocrx_word' id='word_1_202' title='bbox 121 2062 270 2094; x_wconf 90' lang='lat' dir='ltr'>nostro</span> <span class='ocrx_word' id='word_1_203' title='bbox 303 2052 388 2109; x_wconf 87' lang='lat' dir='ltr'>regi</span> <span class='ocrx_word' id='word_1_204' title='bbox 422 2051 689 2104; x_wconf 90' lang='lat' dir='ltr'>solutionem,</span> <span class='ocrx_word' id='word_1_205' title='bbox 717 2051 792 2095; x_wconf 91' lang='lat' dir='ltr'>sub</span> <span class='ocrx_word' id='word_1_206' title='bbox 816 2052 1046 2109; x_wconf 73' lang='lat' dir='ltr'>privatione</span> <span class='ocrx_word' id='word_1_207' title='bbox 1080 2052 1175 2095; x_wconf 91' lang='lat' dir='ltr'>colli</span> <span class='ocrx_word' id='word_1_208' title='bbox 1208 2063 1247 2094; x_wconf 87' lang='lat' dir='ltr'>et</span> <span class='ocrx_word' id='word_1_209' title='bbox 1280 2052 1488 2095; x_wconf 88' lang='lat' dir='ltr'>bonorum</span> <span class='ocrx_word' id='word_1_210' title='bbox 1522 2068 1614 2110; x_wconf 85' lang='lat' dir='ltr'>pre-</span> 
     </span>
     <span class='ocr_line' id='line_1_26' title="bbox 120 2121 1611 2180; baseline 0.001 -15"><span class='ocrx_word' id='word_1_211' title='bbox 120 2121 332 2166; x_wconf 88' lang='lat' dir='ltr'>dictorum</span> <span class='ocrx_word' id='word_1_212' title='bbox 354 2123 638 2167; x_wconf 89' lang='lat' dir='ltr'>ammissione.</span> <span class='ocrx_word' id='word_1_213' title='bbox 663 2124 705 2167; x_wconf 85' lang='lat' dir='ltr'>Si</span> <span class='ocrx_word' id='word_1_214' title='bbox 727 2124 850 2166; x_wconf 89' lang='lat' dir='ltr'>etiam</span> <span class='ocrx_word' id='word_1_215' title='bbox 868 2122 918 2166; x_wconf 91' lang='lat' dir='ltr'>de</span> <span class='ocrx_word' id='word_1_216' title='bbox 934 2123 1126 2180; x_wconf 87' lang='lat' dir='ltr'>predictis</span> <span class='ocrx_word' id='word_1_217' title='bbox 1154 2122 1466 2166; x_wconf 84' lang='lat' dir='ltr'>fideiussoribus</span> <span class='ocrx_word' id='word_1_218' title='bbox 1490 2139 1611 2178; x_wconf 87' lang='lat' dir='ltr'>unus,</span> 
     </span>
     <span class='ocr_line' id='line_1_27' title="bbox 121 2190 1611 2252; baseline 0 -16"><span class='ocrx_word' id='word_1_219' title='bbox 121 2190 219 2245; x_wconf 85' lang='lat' dir='ltr'>duo,</span> <span class='ocrx_word' id='word_1_220' title='bbox 251 2203 334 2236; x_wconf 89' lang='lat' dir='ltr'>tres</span> <span class='ocrx_word' id='word_1_221' title='bbox 367 2193 431 2236; x_wconf 83' lang='lat' dir='ltr'>vel</span> <span class='ocrx_word' id='word_1_222' title='bbox 463 2204 641 2252; x_wconf 87' lang='lat' dir='ltr'>quatuor</span> <span class='ocrx_word' id='word_1_223' title='bbox 673 2193 862 2251; x_wconf 81' lang='lat' dir='ltr'>fugerent</span> <span class='ocrx_word' id='word_1_224' title='bbox 894 2193 958 2236; x_wconf 73' lang='lat' dir='ltr'>vel</span> <span class='ocrx_word' id='word_1_225' title='bbox 1000 2193 1200 2236; x_wconf 89' lang='lat' dir='ltr'>tributum</span> <span class='ocrx_word' id='word_1_226' title='bbox 1246 2194 1436 2236; x_wconf 77' lang='lat' dir='ltr'>universe</span> <span class='ocrx_word' id='word_1_227' title='bbox 1477 2194 1611 2236; x_wconf 90' lang='lat' dir='ltr'>carnis</span> 
     </span>
     <span class='ocr_line' id='line_1_28' title="bbox 120 2263 1611 2321; baseline 0.001 -15"><span class='ocrx_word' id='word_1_228' title='bbox 120 2263 304 2307; x_wconf 89' lang='lat' dir='ltr'>naturale</span> <span class='ocrx_word' id='word_1_229' title='bbox 345 2265 620 2318; x_wconf 75' lang='lat' dir='ltr'>exsolverent,</span> <span class='ocrx_word' id='word_1_230' title='bbox 653 2264 802 2308; x_wconf 89' lang='lat' dir='ltr'>residui</span> <span class='ocrx_word' id='word_1_231' title='bbox 837 2266 1023 2308; x_wconf 75' lang='lat' dir='ltr'>viventes</span> <span class='ocrx_word' id='word_1_232' title='bbox 1049 2263 1199 2307; x_wconf 89' lang='lat' dir='ltr'>debent</span> <span class='ocrx_word' id='word_1_233' title='bbox 1231 2265 1311 2321; x_wconf 84' lang='lat' dir='ltr'>pati</span> <span class='ocrx_word' id='word_1_234' title='bbox 1340 2266 1477 2308; x_wconf 89' lang='lat' dir='ltr'>omnia</span> <span class='ocrx_word' id='word_1_235' title='bbox 1504 2276 1611 2308; x_wconf 85' lang='lat' dir='ltr'>tam-</span> 
     </span>
     <span class='ocr_line' id='line_1_29' title="bbox 118 2335 1610 2393; baseline 0 -15"><span class='ocrx_word' id='word_1_236' title='bbox 118 2349 244 2392; x_wconf 88' lang='lat' dir='ltr'>quam</span> <span class='ocrx_word' id='word_1_237' title='bbox 277 2350 426 2378; x_wconf 91' lang='lat' dir='ltr'>omnes</span> <span class='ocrx_word' id='word_1_238' title='bbox 458 2338 783 2393; x_wconf 75' lang='lat' dir='ltr'>superviventes,</span> <span class='ocrx_word' id='word_1_239' title='bbox 806 2336 874 2379; x_wconf 89' lang='lat' dir='ltr'>tali</span> <span class='ocrx_word' id='word_1_240' title='bbox 902 2337 1027 2378; x_wconf 88' lang='lat' dir='ltr'>etiam</span> <span class='ocrx_word' id='word_1_241' title='bbox 1055 2335 1292 2378; x_wconf 89' lang='lat' dir='ltr'>conditione</span> <span class='ocrx_word' id='word_1_242' title='bbox 1319 2335 1487 2387; x_wconf 87' lang='lat' dir='ltr'>adiecta,</span> <span class='ocrx_word' id='word_1_243' title='bbox 1515 2336 1547 2378; x_wconf 91' lang='lat' dir='ltr'>si</span> <span class='ocrx_word' id='word_1_244' title='bbox 1571 2347 1610 2378; x_wconf 89' lang='lat' dir='ltr'>et</span> 
     </span>
     <span class='ocr_line' id='line_1_30' title="bbox 119 2404 1608 2463; baseline 0.001 -16"><span class='ocrx_word' id='word_1_245' title='bbox 119 2405 162 2447; x_wconf 94' lang='lat' dir='ltr'>in</span> <span class='ocrx_word' id='word_1_246' title='bbox 194 2416 395 2462; x_wconf 90' lang='lat' dir='ltr'>quantum</span> <span class='ocrx_word' id='word_1_247' title='bbox 428 2405 599 2462; x_wconf 87' lang='lat' dir='ltr'>predicti</span> <span class='ocrx_word' id='word_1_248' title='bbox 636 2404 900 2449; x_wconf 91' lang='lat' dir='ltr'>fideiussores</span> <span class='ocrx_word' id='word_1_249' title='bbox 932 2405 981 2448; x_wconf 86' lang='lat' dir='ltr'>ad</span> <span class='ocrx_word' id='word_1_250' title='bbox 1015 2406 1205 2463; x_wconf 83' lang='lat' dir='ltr'>regiones</span> <span class='ocrx_word' id='word_1_251' title='bbox 1239 2416 1450 2448; x_wconf 84' lang='lat' dir='ltr'>extraneas</span> <span class='ocrx_word' id='word_1_252' title='bbox 1482 2417 1608 2448; x_wconf 88' lang='lat' dir='ltr'>terra-</span> 
     </span>
     <span class='ocr_line' id='line_1_31' title="bbox 119 2475 1607 2533; baseline 0 -15"><span class='ocrx_word' id='word_1_253' title='bbox 119 2489 229 2528; x_wconf 88' lang='lat' dir='ltr'>rum,</span> <span class='ocrx_word' id='word_1_254' title='bbox 251 2475 574 2529; x_wconf 88' lang='lat' dir='ltr'>marchionatus,</span> <span class='ocrx_word' id='word_1_255' title='bbox 601 2476 879 2533; x_wconf 70' lang='lat' dir='ltr'>langraviatus</span> <span class='ocrx_word' id='word_1_256' title='bbox 904 2487 944 2519; x_wconf 88' lang='lat' dir='ltr'>et</span> <span class='ocrx_word' id='word_1_257' title='bbox 969 2475 1140 2518; x_wconf 88' lang='lat' dir='ltr'>ducatus</span> <span class='ocrx_word' id='word_1_258' title='bbox 1167 2486 1382 2518; x_wconf 86' lang='lat' dir='ltr'>extraneos</span> <span class='ocrx_word' id='word_1_259' title='bbox 1407 2475 1607 2533; x_wconf 85' lang='lat' dir='ltr'>fugerent,</span> 
     </span>
     <span class='ocr_line' id='line_1_32' title="bbox 117 2546 1608 2605; baseline 0 -16"><span class='ocrx_word' id='word_1_260' title='bbox 117 2557 267 2589; x_wconf 89' lang='lat' dir='ltr'>extunc</span> <span class='ocrx_word' id='word_1_261' title='bbox 289 2546 338 2590; x_wconf 88' lang='lat' dir='ltr'>ad</span> <span class='ocrx_word' id='word_1_262' title='bbox 361 2547 572 2604; x_wconf 89' lang='lat' dir='ltr'>simplices</span> <span class='ocrx_word' id='word_1_263' title='bbox 598 2547 752 2590; x_wconf 88' lang='lat' dir='ltr'>litteras</span> <span class='ocrx_word' id='word_1_264' title='bbox 785 2546 944 2590; x_wconf 88' lang='lat' dir='ltr'>domini</span> <span class='ocrx_word' id='word_1_265' title='bbox 979 2548 1177 2604; x_wconf 84' lang='lat' dir='ltr'>capitanei</span> <span class='ocrx_word' id='word_1_266' title='bbox 1201 2558 1239 2590; x_wconf 87' lang='lat' dir='ltr'>et</span> <span class='ocrx_word' id='word_1_267' title='bbox 1266 2558 1428 2590; x_wconf 82' lang='lat' dir='ltr'>nostras</span> <span class='ocrx_word' id='word_1_268' title='bbox 1455 2547 1608 2605; x_wconf 88' lang='lat' dir='ltr'>absque</span> 
     </span>
     <span class='ocr_line' id='line_1_33' title="bbox 118 2616 1607 2675; baseline 0 -15"><span class='ocrx_word' id='word_1_269' title='bbox 118 2618 236 2660; x_wconf 88' lang='lat' dir='ltr'>omni</span> <span class='ocrx_word' id='word_1_270' title='bbox 269 2617 550 2661; x_wconf 86' lang='lat' dir='ltr'>iurisdictione</span> <span class='ocrx_word' id='word_1_271' title='bbox 577 2617 858 2661; x_wconf 88' lang='lat' dir='ltr'>submiserunt</span> <span class='ocrx_word' id='word_1_272' title='bbox 880 2634 922 2660; x_wconf 92' lang='lat' dir='ltr'>se</span> <span class='ocrx_word' id='word_1_273' title='bbox 949 2619 1161 2675; x_wconf 80' lang='lat' dir='ltr'>captivari,</span> <span class='ocrx_word' id='word_1_274' title='bbox 1188 2618 1403 2671; x_wconf 70' lang='lat' dir='ltr'>vinculari,</span> <span class='ocrx_word' id='word_1_275' title='bbox 1435 2616 1607 2661; x_wconf 89' lang='lat' dir='ltr'>detineri</span> 
     </span>
     <span class='ocr_line' id='line_1_34' title="bbox 118 2687 1607 2747; baseline 0.001 -17"><span class='ocrx_word' id='word_1_276' title='bbox 118 2699 158 2730; x_wconf 88' lang='lat' dir='ltr'>et</span> <span class='ocrx_word' id='word_1_277' title='bbox 183 2687 262 2730; x_wconf 89' lang='lat' dir='ltr'>huc</span> <span class='ocrx_word' id='word_1_278' title='bbox 286 2688 536 2732; x_wconf 75' lang='lat' dir='ltr'>Cracoviam</span> <span class='ocrx_word' id='word_1_279' title='bbox 571 2701 782 2747; x_wconf 87' lang='lat' dir='ltr'>tamquam</span> <span class='ocrx_word' id='word_1_280' title='bbox 818 2689 993 2732; x_wconf 87' lang='lat' dir='ltr'>factores</span> <span class='ocrx_word' id='word_1_281' title='bbox 1026 2690 1209 2732; x_wconf 79' lang='lat' dir='ltr'>veritatis</span> <span class='ocrx_word' id='word_1_282' title='bbox 1243 2690 1330 2731; x_wconf 87' lang='lat' dir='ltr'>sine</span> <span class='ocrx_word' id='word_1_283' title='bbox 1363 2690 1479 2731; x_wconf 90' lang='lat' dir='ltr'>omni</span> <span class='ocrx_word' id='word_1_284' title='bbox 1507 2704 1607 2732; x_wconf 87' lang='lat' dir='ltr'>con-</span> 
     </span>
     <span class='ocr_line' id='line_1_35' title="bbox 117 2758 1608 2817; baseline 0.001 -16"><span class='ocrx_word' id='word_1_285' title='bbox 117 2758 360 2802; x_wconf 86' lang='lat' dir='ltr'>tradictione</span> <span class='ocrx_word' id='word_1_286' title='bbox 397 2759 506 2812; x_wconf 90' lang='lat' dir='ltr'>duci,</span> <span class='ocrx_word' id='word_1_287' title='bbox 534 2760 650 2803; x_wconf 91' lang='lat' dir='ltr'>nullo</span> <span class='ocrx_word' id='word_1_288' title='bbox 683 2762 769 2804; x_wconf 89' lang='lat' dir='ltr'>iure</span> <span class='ocrx_word' id='word_1_289' title='bbox 804 2761 992 2811; x_wconf 85' lang='lat' dir='ltr'>seculari,</span> <span class='ocrx_word' id='word_1_290' title='bbox 1027 2760 1207 2812; x_wconf 89' lang='lat' dir='ltr'>militari,</span> <span class='ocrx_word' id='word_1_291' title='bbox 1241 2760 1454 2816; x_wconf 80' lang='lat' dir='ltr'>spirituali,</span> <span class='ocrx_word' id='word_1_292' title='bbox 1487 2776 1608 2817; x_wconf 79' lang='lat' dir='ltr'>expe-</span> 
     </span>
     <span class='ocr_line' id='line_1_36' title="bbox 117 2828 1608 2889; baseline 0.001 -17"><span class='ocrx_word' id='word_1_293' title='bbox 117 2828 288 2882; x_wconf 86' lang='lat' dir='ltr'>ditione,</span> <span class='ocrx_word' id='word_1_294' title='bbox 314 2830 474 2884; x_wconf 81' lang='lat' dir='ltr'>litteris,</span> <span class='ocrx_word' id='word_1_295' title='bbox 501 2831 655 2882; x_wconf 87' lang='lat' dir='ltr'>colore,</span> <span class='ocrx_word' id='word_1_296' title='bbox 684 2830 813 2874; x_wconf 91' lang='lat' dir='ltr'>modo</span> <span class='ocrx_word' id='word_1_297' title='bbox 845 2832 1064 2889; x_wconf 82' lang='lat' dir='ltr'>exquisito,</span> <span class='ocrx_word' id='word_1_298' title='bbox 1098 2831 1268 2888; x_wconf 89' lang='lat' dir='ltr'>strepitu</span> <span class='ocrx_word' id='word_1_299' title='bbox 1301 2830 1438 2874; x_wconf 89' lang='lat' dir='ltr'>iudicii</span> <span class='ocrx_word' id='word_1_300' title='bbox 1471 2830 1608 2874; x_wconf 90' lang='lat' dir='ltr'>domi-</span> 
     </span>
     <span class='ocr_line' id='line_1_37' title="bbox 117 2901 1605 2959; baseline 0.001 -15"><span class='ocrx_word' id='word_1_301' title='bbox 117 2917 218 2944; x_wconf 90' lang='lat' dir='ltr'>num</span> <span class='ocrx_word' id='word_1_302' title='bbox 247 2916 387 2958; x_wconf 76' lang='lat' dir='ltr'>regem</span> <span class='ocrx_word' id='word_1_303' title='bbox 409 2913 448 2945; x_wconf 89' lang='lat' dir='ltr'>et</span> <span class='ocrx_word' id='word_1_304' title='bbox 470 2901 577 2945; x_wconf 83' lang='lat' dir='ltr'>filios</span> <span class='ocrx_word' id='word_1_305' title='bbox 604 2918 702 2945; x_wconf 83' lang='lat' dir='ltr'>suos</span> <span class='ocrx_word' id='word_1_306' title='bbox 735 2918 819 2945; x_wconf 90' lang='lat' dir='ltr'>non</span> <span class='ocrx_word' id='word_1_307' title='bbox 841 2901 1053 2946; x_wconf 72' lang='lat' dir='ltr'>evadendo</span> <span class='ocrx_word' id='word_1_308' title='bbox 1075 2917 1147 2945; x_wconf 88' lang='lat' dir='ltr'>nec</span> <span class='ocrx_word' id='word_1_309' title='bbox 1173 2903 1301 2959; x_wconf 88' lang='lat' dir='ltr'>ipsius</span> <span class='ocrx_word' id='word_1_310' title='bbox 1333 2903 1605 2958; x_wconf 81' lang='lat' dir='ltr'>capitaneum,</span> 
     </span>
    </p>
   </div>
  </div>
 </body>
</html>
