2201 3554
239 466 309 508 32.
330 463 565 516 Lndoz'icns,
576 463 796 516 francisci,
812 463 1085 521 arcln'qtn'scopi
1100 465 1388 519 Narbonensis,
1404 465 1556 508 domini
1567 474 1640 523 pa-

145 543 220 592 pae
236 535 460 587 camerarii,
479 534 603 577 locum
611 543 752 586 tenens,
769 534 883 576 Petro
901 534 945 576 de
961 533 1181 590 [Vttlsram,
1200 534 1393 578 licentiato
1412 537 1452 577 in
1470 535 1640 587 decretis,

150 605 299 648 custodi
328 604 500 647 ecclesiae
535 605 786 660 Gneqnensis,
814 606 854 646 in
878 620 993 661 regno
1021 604 1206 648 Poloniae
1231 605 1430 658 collectori,
1457 607 1634 657 mamiat,

149 682 340 733 qnatenus
372 674 546 717 Iohanni
570 675 614 717 de
636 674 818 727 Medicis,
845 676 1050 717 mercatori
1081 676 1323 730 Florentino,
1348 678 1500 734 einsqne
1525 678 1640 719 socie-

152 747 225 787 tati
260 758 370 788 1000
396 744 507 803 flor„
538 746 607 803 qni
642 745 685 787 de
726 759 880 786 snninia
917 758 1028 798 1500
1053 744 1147 802 flor.
1180 761 1286 789 anno
1322 760 1429 802 1413
1465 761 1640 790 camerae

149 823 331 858 mutuata
353 823 387 858 et
409 829 433 870 9
454 816 629 872 Augusti
644 815 810 858 einscient
829 818 930 858 anni
952 818 992 858 in
1010 817 1260 873 proventibus
1280 817 1506 875 apostolicae
1528 818 1639 861 Sedis

149 888 192 929 in
223 887 391 930 Polonia
425 888 624 944 inscripta,
657 886 784 929 adhuc
809 887 862 929 ad
891 887 1116 930 solvendum
1152 897 1309 940 restant,
1339 889 1439 931 a'icto
1466 889 1639 932 Iohanni

149 957 194 1000 de
225 957 394 1000 Medicis
419 959 571 1015 eiusque
601 958 772 1000 societati
808 957 852 1000 de
879 957 1128 1014 proventibus
1158 973 1248 1001 snae
1275 958 1508 1002 collectoriae
1541 961 1639 1002 assi-

146 1029 268 1086 gnari
290 1027 433 1085 saciat.

799 1099 1034 1151 Florentiae,
1073 1113 1127 1143 20
1161 1100 1385 1143 Decembris
1421 1115 1546 1157 1419.

242 1205 348 1240 Arch.
376 1204 456 1239 Vat.
482 1205 628 1239 Diversa
655 1205 865 1248 Cameralia,
892 1207 990 1240 Arm.
1018 1206 1148 1249 XXIX,
1175 1220 1206 1241 v.
1230 1206 1262 1249 6,
1285 1207 1305 1242 f.
1333 1207 1388 1242 6*st
1407 1229 1452 1233 —
1480 1208 1519 1242 In
1548 1220 1635 1241 mar-

146 1265 222 1310 gine
239 1264 348 1298 eadem
369 1275 487 1298 manu:
506 1265 710 1309 Assignatio
728 1264 770 1298 de
789 1263 914 1298 flor.M
930 1276 991 1310 pro
1010 1266 1175 1300 societate
1194 1267 1236 1300 de
1255 1266 1399 1300 Medicis
1417 1278 1519 1312 super
1533 1268 1636 1301 colle-

147 1323 258 1358 ctoria
285 1323 382 1368 regni
408 1323 563 1358 Polonie.
587 1323 666 1357 Alia
689 1335 808 1357 mann:
835 1323 887 1358 De
909 1324 983 1357 istis
1005 1325 1101 1358 mille
1123 1324 1266 1359 florenis
1287 1325 1450 1359 dominus
1471 1327 1637 1360 collector

146 1382 292 1417 Polonie
309 1381 474 1416 satisfecit
493 1382 527 1416 in
547 1382 692 1416 Polonia
712 1383 849 1416 Albicio
867 1383 910 1417 de
928 1383 1073 1417 Medicis
1092 1384 1166 1429 ipso
1182 1384 1369 1430 recipiente
1388 1385 1531 1419 nomine
1546 1385 1635 1419 dicte

146 1441 321 1476 societatis
339 1442 382 1476 de
399 1441 555 1483 Medicis,
574 1450 610 1476 ut
628 1450 765 1476 constat
791 1453 851 1487 per
869 1442 1076 1487 quitantiam
1096 1443 1177 1476 dicti
1198 1443 1335 1484 Albicii,
1355 1451 1390 1476 ut
1409 1444 1516 1477 etiam
1542 1443 1634 1478 idem

147 1501 314 1536 collector
338 1500 438 1534 nobis
463 1499 643 1534 Ludovico
669 1500 941 1534 vicecamerario
967 1501 1103 1546 scripsit
1125 1501 1179 1535 die
1206 1501 1308 1535 tertia
1335 1501 1423 1535 Iunii
1450 1513 1544 1536 anno
1565 1502 1636 1536 Do-

146 1560 233 1595 mini
259 1559 449 1594 millesimo
480 1558 602 1594 CCCC
627 1559 728 1593 XXII
762 1560 927 1605 scriptum
962 1561 1110 1606 propria.
1137 1581 1182 1585 —
1208 1560 1270 1594 Ed.
1297 1561 1462 1603 Theiner,
1491 1561 1564 1595 MP.
1592 1561 1634 1603 II,

146 1631 178 1666 p.
208 1628 262 1662 22,
288 1631 342 1653 nr.
373 1618 427 1653 28.

234 1753 304 1795 33.
338 1750 560 1808 Recognitio
592 1750 701 1793 Petri
731 1750 924 1793 Bicarani
953 1758 1065 1808 snper
1097 1758 1229 1793 tennta
1261 1759 1495 1809 {lipparam

1239 1856 1365 1915 [Ante
1401 1857 1544 1916 1421}

233 1952 324 2010 Ego
356 1952 502 1995 Petrus
536 1951 854 2008 Pykaranus
886 1951 946 1995 de
981 1952 1260 1995 XVcnetiis
1293 1967 1550 2010 recognosco
1577 1965 1636 1996 te-

144 2038 247 2067 nore
278 2023 531 2081 presentium
566 2050 621 2054 —
648 2038 716 2066 me
749 2022 852 2080 apud
888 2024 1201 2066 serenissimum
1234 2024 1462 2081 principem
1500 2023 1637 2067 domi-

143 2109 261 2145 num,
289 2093 565 2137 Wladislaum
586 2109 728 2151 regem
756 2094 945 2147 Polonie,
965 2094 1186 2137 dominum
1216 2109 1359 2137 meum
1387 2095 1636 2152 gratiosissi-

145 2180 438 2223 mum‚zuppas
455 2165 550 2208 salis
568 2166 780 2222 utriusque
796 2163 986 2209 videlicet
1006 2165 1271 2208 Bochncuses
1290 2177 1329 2208 et
1347 2166 1404 2207 W
1407 2166 1636 2222 yeliccnses

145 2250 168 2278 a
198 2235 264 2279 die
295 2234 386 2278 date
420 2236 689 2292 presentium,
722 2235 877 2277 scilicet
910 2251 931 2277 a
964 2234 1029 2278 die
1062 2235 1290 2278 Dominico
1323 2237 1516 2292 proximo
1543 2247 1635 2293 post

146 2306 354 2351 Octavam
389 2307 517 2349 sancti
551 2306 734 2360 Martini,
761 2305 811 2349 ad
842 2317 1018 2364 quatuor
1050 2320 1258 2349 annorum
1290 2305 1512 2349 decursum
1546 2322 1634 2349 sese

144 2378 341 2420 continue
367 2378 628 2435 sequentium
649 2376 880 2429 arendasse,
899 2377 1050 2419 emisse
1072 2388 1112 2419 et
1138 2365 1384 2420 convenisse
1409 2376 1635 2434 prefectus-

143 2463 224 2506 que
255 2463 348 2491 sum
382 2449 423 2491 in
455 2449 697 2505 zupparium
741 2448 974 2505 legitimum
1006 2463 1231 2505 zupparum
1265 2447 1487 2490 earundem
1530 2447 1633 2490 infra

144 2518 461 2576 quadriennium
496 2517 748 2561 antedictum
783 2518 919 2562 modis
945 2530 984 2561 et
1011 2518 1318 2562 conditionibus
1351 2519 1483 2561 taliter
1510 2520 1636 2561 inter-

143 2590 274 2643 iectis,
306 2589 417 2648 quod
449 2588 631 2647 quolibet
662 2605 773 2633 anno
804 2589 1011 2632 dictorum
1045 2601 1222 2647 quatuor
1253 2605 1459 2632 annorum
1487 2590 1632 2633 decem

143 2671 184 2704 et
210 2671 367 2718 septem
396 2661 509 2704 milia
537 2676 771 2704 marcarum
795 2662 957 2704 numeri
985 2661 1227 2718 polonicalis
1247 2661 1515 2718 quadraginta
1538 2672 1633 2704 octo

145 2746 316 2789 grossos
348 2732 390 2774 in
423 2746 605 2774 marcam
627 2730 853 2788 quamlibet
874 2729 1171 2789 computando,
1194 2746 1370 2789 quarum
1394 2730 1473 2774 due
1500 2743 1634 2789 partes

144 2811 264 2844 erunt
296 2812 465 2844 monete
497 2803 699 2845 currentis
731 2813 770 2844 et
802 2802 919 2844 tertia
952 2801 1129 2844 latorum
1163 2817 1408 2859 grossorum
1453 2802 1633 2859 Pragen-

145 2872 255 2915 sium
288 2871 375 2914 sive
396 2872 669 2924 florenorum,
702 2873 861 2915 ratione
892 2872 1116 2929 emptionis
1143 2883 1183 2914 ct
1214 2873 1504 2915 conventionis
1536 2888 1631 2929 zup-

146 2958 289 3002 parum
324 2942 563 2986 huiusmodi
592 2944 703 2986 iuxta
731 2953 860 2986 ratam
887 2953 1062 3001 quatuor
1087 2954 1326 3000 temporum
1354 2943 1431 3001 ipsi
1457 2941 1631 2986 domino
