2201 3554
760 321 993 362 -55.„

134 417 345 462 intendere
378 434 499 475 possa
532 433 705 475 provare
737 418 885 474 alguna
918 433 1055 469 cossa3
1090 436 1109 461 e
1136 431 1283 476 questo
1307 421 1338 463 si
1361 436 1517 477 pruova
1550 436 1621 478 per

134 490 189 532 lui
223 488 491 532 medessimo.
532 488 667 531 Perho
700 489 740 531 in
774 489 811 530 la
844 489 966 531 letera
999 488 1258 533 d'Antuonio
1291 504 1406 534 avete
1440 493 1480 533 in
1507 503 1622 535 corte

134 560 377 603 autenticam
396 561 436 601 in
458 560 498 602 lo
527 560 710 603 Conseio
737 559 787 602 de
815 573 868 615 40
892 559 1008 612 dizie‚
1036 576 1161 604 como
1185 577 1249 604 ser
1273 563 1401 604 Zanin
1428 562 1621 605 confesso

134 646 245 675 esser
261 630 422 674 debitor
442 630 523 673 fare
540 630 649 681 dette
669 645 797 687 prove
813 630 863 673 de
882 630 966 674 fino
985 647 1005 674 a
1025 644 1142 676 santo
1161 633 1310 690 Iacopo
1327 632 1377 676 de
1395 633 1479 676 luio
1500 634 1621 688 1428,

134 718 156 745 e
188 702 282 745 cuxi
315 701 427 744 fezie.
456 702 505 744 Et
537 701 612 744 che
644 716 812 758 apresso
843 700 952 744 disse
979 703 1083 745 altro
1110 703 1159 746 de
1182 718 1323 746 nuovo
1346 719 1429 746 non
1453 720 1504 761 po
1528 718 1623 761 pro-

136 788 206 816 var
233 789 254 816 e
286 773 405 831 quele
437 788 521 815 non
556 787 660 815 sono
702 772 907 815 utentiche
941 789 991 816 ne
1035 772 1248 827 d'azetare‚
1291 789 1416 817 como
1450 775 1480 816 s’
1500 777 1521 817 e
1562 773 1623 817 di-

135 843 336 887 chiaratto
369 859 389 886 a
423 843 567 886 bocha.

224 915 256 958 E
283 929 355 972 per
375 913 609 957 dechiarare
630 930 649 957 a
674 914 710 957 lc
743 913 1051 971 magnificenzie
1075 928 1214 958 vostre
1237 917 1273 958 la
1297 916 1473 960 seconda
1497 929 1623 973 parte,

135 985 210 1029 che
237 986 293 1028 sia
326 984 579 1028 acordatossi
607 985 656 1028 de
689 985 764 1027 elie
796 987 881 1028 vari
916 985 1173 1029 echremexi
1200 988 1225 1029 o
1258 998 1436 1044 pagatto.
1472 987 1622 1039 Dicho,

136 1057 211 1100 che
230 1072 272 1100 se
293 1072 420 1114 prova
438 1067 584 1114 questo
604 1056 757 1099 acordo
775 1056 1174 1100 chiarissimamente
1193 1073 1264 1115 per
1284 1072 1302 1114 3
1327 1074 1474 1110 raxon3
1493 1059 1623 1116 prima

136 1143 208 1185 per
246 1143 374 1171 raxon
413 1127 625 1178 naturalle‚
658 1126 732 1169 che
775 1142 858 1169 non
891 1129 912 1169 e
946 1143 1106 1170 nesuno
1150 1144 1250 1171 sano
1296 1129 1496 1171 intelletto
1531 1128 1623 1171 debi

135 1197 318 1251 credere,
352 1199 442 1242 chel
474 1199 586 1242 dicto
619 1214 683 1241 ser
717 1200 844 1241 Zanin
872 1201 929 1241 sia
962 1211 1118 1242 venuto
1151 1201 1220 1257 qui
1244 1216 1265 1242 e
1287 1200 1336 1243 de
1359 1201 1427 1257 qui
1462 1200 1626 1243 cliaval-

137 1271 261 1314 chato
292 1270 343 1314 de
376 1271 411 1313 131
439 1271 481 1313 in
513 1285 703 1327 persona,
741 1269 816 1313 che
849 1285 935 1314 non
968 1286 1035 1313 era
1069 1269 1251 1328 obligato
1284 1271 1454 1324 andarli‚
1496 1271 1625 1329 perho

136 1353 256 1399 potea
289 1340 485 1384 mandare
517 1356 543 1383 o
575 1352 814 1384 comettere.
850 1341 879 1383 E
914 1341 988 1384 che
1022 1343 1080 1384 sia
1112 1353 1236 1384 zunto
1268 1342 1318 1385 de
1350 1342 1386 1384 la'i
1419 1341 1482 1385 del
1507 1358 1626 1385 mexe

136 1412 186 1456 de
219 1428 355 1471 zugno
400 1412 506 1468 1428
547 1428 568 1454 e
602 1413 659 1454 sia
704 1423 809 1454 stato
848 1427 927 1454 con
967 1413 1154 1455 Antonio
1193 1428 1318 1455 como
1358 1428 1399 1455 se
1439 1429 1565 1470 prox-a
1605 1429 1626 1455 e

137 1483 343 1528 comfessa
377 1484 418 1526 in
440 1475 562 1526 'dicto
599 1494 740 1540 tempo
773 1498 794 1525 e
828 1484 868 1525 in
901 1499 1000 1526 caxa
1036 1499 1121 1536 soa,
1155 1484 1231 1526 che
1264 1500 1348 1527 non
1391 1483 1455 1526 abi
1489 1484 1626 1528 fatone

135 1555 309 1599 alch‘una
340 1570 459 1598 cossa
491 1554 577 1597 fino
609 1555 749 1612 aprille
788 1568 921 1610 1429‚·
944 1566 1090 1612 questo
1112 1570 1196 1598 non
1229 1571 1271 1598 se
1294 1554 1358 1598 die
1382 1555 1548 1598 credere
1576 1571 1626 1598 ne

136 1643 158 1670 a
190 1643 258 1670 me
289 1625 604 1670 domandattoni
626 1633 636 1652 ¹
673 1641 724 1669 ne
757 1625 912 1669 fatome
943 1626 1212 1680 domandam,
1241 1642 1291 1669 ne
1319 1628 1401 1670 mai
1428 1627 1628 1670 lamenta—

136 1698 232 1749 tosi‚
265 1712 349 1741 non
382 1712 425 1740 se
456 1696 522 1740 die
549 1697 653 1739 altro
681 1696 862 1749 credere,
895 1712 938 1740 se
971 1712 1055 1740 non
1083 1697 1218 1739 ch’era
1247 1699 1408 1740 rimaxo
1430 1696 1626 1741 d’acordo

137 1784 216 1812 con
248 1769 284 1811 el
317 1767 421 1812 ditto
453 1769 641 1811 Antonio
673 1784 694 1810 e
728 1779 926 1811 contento
959 1767 1008 1811 de
1042 1768 1117 1810 elie
1149 1770 1235 1811 vari
1257 1784 1278 1811 e
1314 1768 1525 1812 chremexi
1562 1768 1626 1812 dal

137 1839 263 1883 dicto.
297 1839 355 1882 La
387 1838 564 1882 seconda
599 1854 642 1881 se
675 1853 803 1897 prova
836 1854 907 1896 per
936 1855 1066 1882 raxon
1098 1839 1344 1897 d'equitade,
1376 1840 1505 1897 perlio
1543 1841 1631 1883 An-

137 1912 255 1954 tonio
297 1911 432 1954 scrive
464 1926 484 1953 a
520 1926 587 1953 me
625 1909 688 1954 del
727 1910 838 1953 dicto
879 1926 997 1953 mexe
1036 1911 1086 1953 de
1125 1926 1261 1968 zugno
1306 1911 1412 1967 1428
1446 1926 1517 1968 per
1557 1927 1629 1954 sua

138 1983 302 2040 propria
334 1981 458 2025 letera
502 1981 752 2024 utentichata
791 1983 833 2024 in
872 1994 1012 2025 vostra
1052 1993 1165 2024 corte
1198 1998 1218 2024 e
1253 1983 1438 2026 Conscio
1477 1981 1526 2025 de
1559 1995 1629 2038 40,
1659 2016 1661 2018 .

139 2069 260 2097 come
278 2069 300 2096 e
327 2053 563 2096 s’acordaro
595 2052 645 2096 de
671 2053 768 2096 dicti
802 2053 887 2095 vari
916 2069 938 2096 e
961 2053 1172 2103 chremexi
1195 2069 1217 2096 e
1250 2065 1410 2097 mutato
1432 2055 1590 2111 priexio
1608 2070 1628 2097 e

138 2136 317 2168 avutone
334 2126 511 2168 termine
534 2140 556 2167 e
580 2124 712 2167 fattoli
734 2140 816 2166 uno
839 2125 984 2167 scritto
1005 2124 1054 2167 de
1077 2140 1148 2167 sna
1164 2140 1288 2167 mano
1307 2125 1356 2168 de
1378 2124 1479 2168 libre
1502 2127 1629 2181 2380,

141 2211 172 2239 s.
200 2197 249 2238 16
282 2210 477 2253 provasse
511 2195 666 2238 anchor
687 2210 758 2253 per
793 2205 835 2250 3²
858 2210 984 2238 raxon
1018 2197 1105 2238 zioe
1138 2211 1209 2252 per
1241 2195 1503 2239 confessione
1536 2212 1631 2254 pro-

140 2267 226 2325 pria
258 2266 322 2310 del
360 2265 472 2310 dicto
505 2281 570 2309 ser
603 2267 745 2320 Zanin,
779 2266 853 2308 che
896 2265 1039 2309 siando
1073 2281 1144 2324 per
1176 2266 1275 2309 altre
1307 2267 1370 2310 lor
1403 2282 1558 2310 caxone
1590 2268 1631 2309 in

141 2336 263 2381 iudizi
310 2337 443 2380 albitri
486 2338 526 2393 in
571 2336 804 2381 Charcovia
847 2338 955 2380 mexi
996 2350 1044 2380 10
1078 2337 1198 2395 dapoi
1231 2337 1342 2381 dicto
1385 2338 1551 2390 acordo,
1594 2338 1631 2380 el

141 2407 253 2452 dicto
286 2423 351 2451 ser
384 2409 511 2451 Zanin
543 2407 755 2452 domando
787 2409 823 2450 al
849 2407 960 2451 dicto
978 2410 1166 2451 Antonio
1189 2424 1259 2466 per
1282 2409 1322 2452 lo
1344 2408 1454 2452 dicto
1488 2409 1630 2452 scritto

141 2476 243 2521 libre
278 2479 406 2534 2380,
439 2494 471 2521 s.
501 2481 564 2532 16,
599 2483 631 2522 s'1
665 2478 740 2522 che
768 2479 808 2521 lo
836 2478 1018 2521 retificlia
1046 2495 1067 2521 e
1094 2479 1297 2532 confessa,
1325 2480 1360 2522 la
1393 2480 1512 2537 quale
1539 2495 1632 2522 sen-

142 2550 267 2592 tentia
299 2548 509 2592 arbitraria
540 2550 591 2593 de
624 2550 886 2594 Charcliovia
931 2550 1250 2594 rachomandata
1283 2550 1416 2594 offero
1458 2550 1508 2594 de
1541 2566 1633 2593 nio-

142 2631 246 2663 strar
279 2620 340 2662 ale
373 2631 512 2664 vostre
546 2620 872 2678 magnificenzie,
907 2625 938 2663 si
972 2621 1047 2663 che
1079 2623 1148 2678 poi
1181 2637 1224 2664 se
1245 2620 1427 2664 nacordo
1449 2620 1538 2664 dela
1561 2636 1632 2679 per

143 2691 290 2734 utillita
322 2689 441 2734 n'ebe
472 2691 522 2735 de
555 2691 655 2734 libre
687 2705 772 2748 700
805 2707 827 2734 e
854 2692 951 2749 plui,
985 2691 1191 2749 respondo
1222 2692 1272 2736 de
1305 2694 1392 2735 mio
1425 2693 1632 2736 consenti-

144 2772 288 2804 mento
319 2761 357 2804 la
388 2777 517 2806 raxon
550 2777 635 2805 non
660 2762 710 2806 de
743 2763 883 2805 volere
916 2763 957 2805 io
990 2763 1014 2805 li
1044 2763 1101 2805 sia
1123 2762 1321 2820 obligato,
1343 2763 1471 2820 perho
1493 2764 1631 2821 quello

241 2926 249 2944 ¹
279 2920 546 2956 doniandattoni
570 2928 632 2968 pro
658 2922 945 2956 domandattonc.
