<?xml version="1.0" encoding="UTF-8"?>
<!DOCTYPE html PUBLIC "-//W3C//DTD XHTML 1.0 Transitional//EN"
    "http://www.w3.org/TR/xhtml1/DTD/xhtml1-transitional.dtd">
<html xmlns="http://www.w3.org/1999/xhtml" xml:lang="en" lang="en">
 <head>
  <title>
</title>
<meta http-equiv="Content-Type" content="text/html;charset=utf-8" />
  <meta name='ocr-system' content='tesseract 3.04.00' />
  <meta name='ocr-capabilities' content='ocr_page ocr_carea ocr_par ocr_line ocrx_word'/>
</head>
<body>
  <div class='ocr_page' id='page_1' title='image "./italiamercatoria00ptanuoft/italiamercatoria00ptanuoft_0085.png"; bbox 0 0 2201 3554; ppageno 0'>
   <div class='ocr_carea' id='block_1_1' title="bbox 772 313 1001 356">
    <p class='ocr_par' dir='ltr' id='par_1_1' title="bbox 772 313 1001 356">
     <span class='ocr_line' id='line_1_1' title="bbox 772 313 1001 356; baseline 0.004 -25"><span class='ocrx_word' id='word_1_1' title='bbox 772 313 1001 356; x_wconf 32' lang='lat' dir='ltr'><strong>-57fi</strong></span> 
     </span>
    </p>
   </div>
   <div class='ocr_carea' id='block_1_2' title="bbox 137 412 1629 1677">
    <p class='ocr_par' dir='ltr' id='par_1_2' title="bbox 137 412 1629 1677">
     <span class='ocr_line' id='line_1_2' title="bbox 143 412 1627 470; baseline 0.003 -15"><span class='ocrx_word' id='word_1_2' title='bbox 143 412 290 456; x_wconf 84' lang='lat' dir='ltr'><strong>chiedo</strong></span> <span class='ocrx_word' id='word_1_3' title='bbox 317 412 484 456; x_wconf 87' lang='lat' dir='ltr'><strong>l’offizio</strong></span> <span class='ocrx_word' id='word_1_4' title='bbox 507 424 652 456; x_wconf 77' lang='lat' dir='ltr'><strong>vostro</strong></span> <span class='ocrx_word' id='word_1_5' title='bbox 674 412 817 455; x_wconf 84' lang='lat' dir='ltr'><strong>chesse</strong></span> <span class='ocrx_word' id='word_1_6' title='bbox 840 428 924 455; x_wconf 89' lang='lat' dir='ltr'><strong>non</strong></span> <span class='ocrx_word' id='word_1_7' title='bbox 944 428 994 455; x_wconf 71' lang='lat' dir='ltr'><strong>ve</strong></span> <span class='ocrx_word' id='word_1_8' title='bbox 1018 428 1112 470; x_wconf 89' lang='lat' dir='ltr'><strong>pare</strong></span> <span class='ocrx_word' id='word_1_9' title='bbox 1133 429 1242 456; x_wconf 91' lang='lat' dir='ltr'><strong>esser</strong></span> <span class='ocrx_word' id='word_1_10' title='bbox 1266 414 1392 457; x_wconf 84' lang='lat' dir='ltr'><strong>chiari</strong></span> <span class='ocrx_word' id='word_1_11' title='bbox 1415 415 1627 459; x_wconf 82' lang='lat' dir='ltr'><strong>abastanza</strong></span> 
     </span>
     <span class='ocr_line' id='line_1_3' title="bbox 141 483 1629 541; baseline 0.002 -15"><span class='ocrx_word' id='word_1_12' title='bbox 141 483 192 527; x_wconf 91' lang='lat' dir='ltr'><strong>de</strong></span> <span class='ocrx_word' id='word_1_13' title='bbox 212 483 324 527; x_wconf 87' lang='lat' dir='ltr'><strong>dicto</strong></span> <span class='ocrx_word' id='word_1_14' title='bbox 344 483 496 527; x_wconf 87' lang='lat' dir='ltr'><strong>acordo</strong></span> <span class='ocrx_word' id='word_1_15' title='bbox 519 499 544 527; x_wconf 96' lang='lat' dir='ltr'><strong>o</strong></span> <span class='ocrx_word' id='word_1_16' title='bbox 567 494 830 541; x_wconf 87' lang='lat' dir='ltr'><strong>pagamentO,</strong></span> <span class='ocrx_word' id='word_1_17' title='bbox 859 484 915 525; x_wconf 88' lang='lat' dir='ltr'><strong>mi</strong></span> <span class='ocrx_word' id='word_1_18' title='bbox 938 483 1004 526; x_wconf 89' lang='lat' dir='ltr'><strong>dia</strong></span> <span class='ocrx_word' id='word_1_19' title='bbox 1027 500 1082 526; x_wconf 87' lang='lat' dir='ltr'><strong>un</strong></span> <span class='ocrx_word' id='word_1_20' title='bbox 1103 495 1288 527; x_wconf 76' lang='lat' dir='ltr'><strong>termene</strong></span> <span class='ocrx_word' id='word_1_21' title='bbox 1310 496 1441 538; x_wconf 70' lang='lat' dir='ltr'><strong>msto,</strong></span> <span class='ocrx_word' id='word_1_22' title='bbox 1465 486 1539 529; x_wconf 85' lang='lat' dir='ltr'><strong>che</strong></span> <span class='ocrx_word' id='word_1_23' title='bbox 1563 503 1629 530; x_wconf 91' lang='lat' dir='ltr'><strong>me</strong></span> 
     </span>
     <span class='ocr_line' id='line_1_4' title="bbox 142 553 1629 613; baseline 0.003 -16"><span class='ocrx_word' id='word_1_24' title='bbox 142 553 275 597; x_wconf 88' lang='lat' dir='ltr'><strong>offero</strong></span> <span class='ocrx_word' id='word_1_25' title='bbox 307 553 357 598; x_wconf 88' lang='lat' dir='ltr'><strong>de</strong></span> <span class='ocrx_word' id='word_1_26' title='bbox 390 570 532 597; x_wconf 73' lang='lat' dir='ltr'><strong>nuovo</strong></span> <span class='ocrx_word' id='word_1_27' title='bbox 569 569 743 612; x_wconf 76' lang='lat' dir='ltr'><strong>provare</strong></span> <span class='ocrx_word' id='word_1_28' title='bbox 781 553 893 596; x_wconf 87' lang='lat' dir='ltr'><strong>dicto</strong></span> <span class='ocrx_word' id='word_1_29' title='bbox 925 554 1078 597; x_wconf 90' lang='lat' dir='ltr'><strong>acordo</strong></span> <span class='ocrx_word' id='word_1_30' title='bbox 1118 571 1143 598; x_wconf 93' lang='lat' dir='ltr'><strong>o</strong></span> <span class='ocrx_word' id='word_1_31' title='bbox 1176 568 1424 613; x_wconf 83' lang='lat' dir='ltr'><strong>pagamento</strong></span> <span class='ocrx_word' id='word_1_32' title='bbox 1464 573 1485 600; x_wconf 87' lang='lat' dir='ltr'><strong>a</strong></span> <span class='ocrx_word' id='word_1_33' title='bbox 1518 557 1629 602; x_wconf 88' lang='lat' dir='ltr'><strong>dicto</strong></span> 
     </span>
     <span class='ocr_line' id='line_1_5' title="bbox 139 625 1628 686; baseline 0.003 -18"><span class='ocrx_word' id='word_1_34' title='bbox 139 637 338 668; x_wconf 85' lang='lat' dir='ltr'><strong>termene.</strong></span> <span class='ocrx_word' id='word_1_35' title='bbox 367 626 471 668; x_wconf 88' lang='lat' dir='ltr'><strong>Item</strong></span> <span class='ocrx_word' id='word_1_36' title='bbox 492 627 614 668; x_wconf 81' lang='lat' dir='ltr'><strong>avixo</strong></span> <span class='ocrx_word' id='word_1_37' title='bbox 636 626 671 668; x_wconf 89' lang='lat' dir='ltr'><strong>le</strong></span> <span class='ocrx_word' id='word_1_38' title='bbox 693 637 832 668; x_wconf 73' lang='lat' dir='ltr'><strong>vostre</strong></span> <span class='ocrx_word' id='word_1_39' title='bbox 854 625 1164 683; x_wconf 80' lang='lat' dir='ltr'><strong>magnificenzie</strong></span> <span class='ocrx_word' id='word_1_40' title='bbox 1191 643 1266 670; x_wconf 91' lang='lat' dir='ltr'><strong>son</strong></span> <span class='ocrx_word' id='word_1_41' title='bbox 1296 630 1546 686; x_wconf 80' lang='lat' dir='ltr'><strong>manzipatto</strong></span> <span class='ocrx_word' id='word_1_42' title='bbox 1569 631 1628 673; x_wconf 62' lang='lat' dir='ltr'><strong>zizi</strong></span> 
     </span>
     <span class='ocr_line' id='line_1_6' title="bbox 141 696 1628 758; baseline 0.002 -18"><span class='ocrx_word' id='word_1_43' title='bbox 141 697 236 740; x_wconf 90' lang='lat' dir='ltr'><strong>anni</strong></span> <span class='ocrx_word' id='word_1_44' title='bbox 269 710 313 753; x_wconf 77' lang='lat'><strong>15</strong></span> <span class='ocrx_word' id='word_1_45' title='bbox 343 696 395 740; x_wconf 91' lang='lat' dir='ltr'><strong>da</strong></span> <span class='ocrx_word' id='word_1_46' title='bbox 418 699 499 739; x_wconf 89' lang='lat' dir='ltr'><strong>mie</strong></span> <span class='ocrx_word' id='word_1_47' title='bbox 527 696 686 748; x_wconf 85' lang='lat' dir='ltr'><strong>fratelli,</strong></span> <span class='ocrx_word' id='word_1_48' title='bbox 710 700 742 738; x_wconf 83' lang='lat' dir='ltr'><strong>Si</strong></span> <span class='ocrx_word' id='word_1_49' title='bbox 771 696 845 740; x_wconf 83' lang='lat' dir='ltr'><strong>che</strong></span> <span class='ocrx_word' id='word_1_50' title='bbox 877 712 1059 740; x_wconf 86' lang='lat' dir='ltr'><strong>nessuno</strong></span> <span class='ocrx_word' id='word_1_51' title='bbox 1087 699 1143 740; x_wconf 90' lang='lat' dir='ltr'><strong>mi</strong></span> <span class='ocrx_word' id='word_1_52' title='bbox 1170 713 1224 755; x_wconf 94' lang='lat' dir='ltr'><strong>po</strong></span> <span class='ocrx_word' id='word_1_53' title='bbox 1251 697 1447 756; x_wconf 83' lang='lat' dir='ltr'><strong>obligare,</strong></span> <span class='ocrx_word' id='word_1_54' title='bbox 1480 702 1531 743; x_wconf 72' lang='lat' dir='ltr'><strong>ne</strong></span> <span class='ocrx_word' id='word_1_55' title='bbox 1559 716 1628 758; x_wconf 92' lang='lat' dir='ltr'><strong>per</strong></span> 
     </span>
     <span class='ocr_line' id='line_1_7' title="bbox 141 765 1629 827; baseline 0.003 -18"><span class='ocrx_word' id='word_1_56' title='bbox 141 766 232 810; x_wconf 91' lang='lat' dir='ltr'><strong>loro</strong></span> <span class='ocrx_word' id='word_1_57' title='bbox 254 781 360 810; x_wconf 91' lang='lat' dir='ltr'><strong>sono</strong></span> <span class='ocrx_word' id='word_1_58' title='bbox 391 765 573 824; x_wconf 86' lang='lat' dir='ltr'><strong>obligato</strong></span> <span class='ocrx_word' id='word_1_59' title='bbox 595 765 643 809; x_wconf 84' lang='lat' dir='ltr'><strong>ad</strong></span> <span class='ocrx_word' id='word_1_60' title='bbox 667 766 845 809; x_wconf 71' lang='lat' dir='ltr'><strong>alchimo</strong></span> <span class='ocrx_word' id='word_1_61' title='bbox 867 767 959 810; x_wconf 91' lang='lat' dir='ltr'><strong>loro</strong></span> <span class='ocrx_word' id='word_1_62' title='bbox 981 766 1152 811; x_wconf 86' lang='lat' dir='ltr'><strong>debitto.</strong></span> <span class='ocrx_word' id='word_1_63' title='bbox 1186 769 1336 826; x_wconf 86' lang='lat' dir='ltr'><strong>Priego</strong></span> <span class='ocrx_word' id='word_1_64' title='bbox 1359 769 1566 827; x_wconf 87' lang='lat' dir='ltr'><strong>adumque</strong></span> <span class='ocrx_word' id='word_1_65' title='bbox 1593 771 1629 813; x_wconf 94' lang='lat' dir='ltr'><strong>le</strong></span> 
     </span>
     <span class='ocr_line' id='line_1_8' title="bbox 141 836 1629 895; baseline 0.003 -16"><span class='ocrx_word' id='word_1_66' title='bbox 141 836 451 895; x_wconf 87' lang='lat' dir='ltr'><strong>magnificenzie</strong></span> <span class='ocrx_word' id='word_1_67' title='bbox 483 848 637 888; x_wconf 83' lang='lat' dir='ltr'><strong>vostre,</strong></span> <span class='ocrx_word' id='word_1_68' title='bbox 671 837 958 890; x_wconf 83' lang='lat' dir='ltr'><strong>consideratte,</strong></span> <span class='ocrx_word' id='word_1_69' title='bbox 993 853 1114 881; x_wconf 87' lang='lat' dir='ltr'><strong>come</strong></span> <span class='ocrx_word' id='word_1_70' title='bbox 1145 839 1186 881; x_wconf 90' lang='lat' dir='ltr'><strong>io</strong></span> <span class='ocrx_word' id='word_1_71' title='bbox 1218 838 1393 882; x_wconf 86' lang='lat' dir='ltr'><strong>abiando</strong></span> <span class='ocrx_word' id='word_1_72' title='bbox 1436 853 1629 884; x_wconf 77' lang='lat' dir='ltr'><strong>rezevuto</strong></span> 
     </span>
     <span class='ocr_line' id='line_1_9' title="bbox 139 908 1629 969; baseline 0.002 -17"><span class='ocrx_word' id='word_1_73' title='bbox 139 908 236 952; x_wconf 91' lang='lat' dir='ltr'><strong>dicti</strong></span> <span class='ocrx_word' id='word_1_74' title='bbox 258 909 343 951; x_wconf 76' lang='lat' dir='ltr'><strong>vari</strong></span> <span class='ocrx_word' id='word_1_75' title='bbox 367 924 388 951; x_wconf 92' lang='lat' dir='ltr'><strong>e</strong></span> <span class='ocrx_word' id='word_1_76' title='bbox 410 908 621 952; x_wconf 78' lang='lat' dir='ltr'><strong>chremexi</strong></span> <span class='ocrx_word' id='word_1_77' title='bbox 643 908 874 952; x_wconf 88' lang='lat' dir='ltr'><strong>d&#39;Antonio</strong></span> <span class='ocrx_word' id='word_1_78' title='bbox 895 908 944 952; x_wconf 84' lang='lat' dir='ltr'><strong>de</strong></span> <span class='ocrx_word' id='word_1_79' title='bbox 968 910 1119 962; x_wconf 81' lang='lat' dir='ltr'><strong>Zuane,</strong></span> <span class='ocrx_word' id='word_1_80' title='bbox 1143 911 1230 953; x_wconf 90' lang='lat' dir='ltr'><strong>mio</strong></span> <span class='ocrx_word' id='word_1_81' title='bbox 1255 910 1429 965; x_wconf 85' lang='lat' dir='ltr'><strong>fratello,</strong></span> <span class='ocrx_word' id='word_1_82' title='bbox 1453 912 1489 954; x_wconf 94' lang='lat' dir='ltr'><strong>el</strong></span> <span class='ocrx_word' id='word_1_83' title='bbox 1511 913 1629 969; x_wconf 83' lang='lat' dir='ltr'><strong>quale</strong></span> 
     </span>
     <span class='ocr_line' id='line_1_10' title="bbox 139 979 1629 1037; baseline 0.002 -15"><span class='ocrx_word' id='word_1_84' title='bbox 139 995 224 1023; x_wconf 93' lang='lat' dir='ltr'><strong>non</strong></span> <span class='ocrx_word' id='word_1_85' title='bbox 246 980 340 1022; x_wconf 86' lang='lat' dir='ltr'><strong>vive</strong></span> <span class='ocrx_word' id='word_1_86' title='bbox 362 979 463 1023; x_wconf 86' lang='lat' dir='ltr'><strong>hora</strong></span> <span class='ocrx_word' id='word_1_87' title='bbox 485 995 610 1022; x_wconf 91' lang='lat' dir='ltr'><strong>como</strong></span> <span class='ocrx_word' id='word_1_88' title='bbox 638 979 829 1032; x_wconf 87' lang='lat' dir='ltr'><strong>frattello‚</strong></span> <span class='ocrx_word' id='word_1_89' title='bbox 853 981 1000 1037; x_wconf 73' lang='lat' dir='ltr'><strong>perche</strong></span> <span class='ocrx_word' id='word_1_90' title='bbox 1023 982 1043 1023; x_wconf 66' lang='grc' dir='ltr'><strong>’ξι</strong></span> <span class='ocrx_word' id='word_1_91' title='bbox 1067 982 1200 1023; x_wconf 90' lang='lat' dir='ltr'><strong>moier</strong></span> <span class='ocrx_word' id='word_1_92' title='bbox 1222 997 1244 1023; x_wconf 90' lang='lat' dir='ltr'><strong>e</strong></span> <span class='ocrx_word' id='word_1_93' title='bbox 1266 981 1368 1034; x_wconf 87' lang='lat' dir='ltr'><strong>fioli,</strong></span> <span class='ocrx_word' id='word_1_94' title='bbox 1396 998 1462 1024; x_wconf 89' lang='lat' dir='ltr'><strong>ma</strong></span> <span class='ocrx_word' id='word_1_95' title='bbox 1485 983 1629 1026; x_wconf 82' lang='lat' dir='ltr'><strong>zercha</strong></span> 
     </span>
     <span class='ocr_line' id='line_1_11' title="bbox 140 1051 1627 1109; baseline 0.002 -15"><span class='ocrx_word' id='word_1_96' title='bbox 140 1051 238 1108; x_wconf 86' lang='lat' dir='ltr'><strong>ogni</strong></span> <span class='ocrx_word' id='word_1_97' title='bbox 271 1051 354 1094; x_wconf 86' lang='lat' dir='ltr'><strong>mia</strong></span> <span class='ocrx_word' id='word_1_98' title='bbox 377 1051 494 1093; x_wconf 90' lang='lat' dir='ltr'><strong>ruina</strong></span> <span class='ocrx_word' id='word_1_99' title='bbox 517 1066 539 1093; x_wconf 94' lang='lat' dir='ltr'><strong>e</strong></span> <span class='ocrx_word' id='word_1_100' title='bbox 560 1066 681 1093; x_wconf 90' lang='lat' dir='ltr'><strong>come</strong></span> <span class='ocrx_word' id='word_1_101' title='bbox 703 1066 828 1108; x_wconf 90' lang='lat' dir='ltr'><strong>posso</strong></span> <span class='ocrx_word' id='word_1_102' title='bbox 861 1063 1041 1094; x_wconf 85' lang='lat' dir='ltr'><strong>mostrar</strong></span> <span class='ocrx_word' id='word_1_103' title='bbox 1062 1052 1287 1094; x_wconf 83' lang='lat' dir='ltr'><strong>realmente</strong></span> <span class='ocrx_word' id='word_1_104' title='bbox 1319 1068 1389 1109; x_wconf 88' lang='lat' dir='ltr'><strong>per</strong></span> <span class='ocrx_word' id='word_1_105' title='bbox 1421 1054 1505 1096; x_wconf 91' lang='lat' dir='ltr'><strong>mie</strong></span> <span class='ocrx_word' id='word_1_106' title='bbox 1538 1053 1627 1097; x_wconf 89' lang='lat' dir='ltr'><strong>libri</strong></span> 
     </span>
     <span class='ocr_line' id='line_1_12' title="bbox 139 1120 1629 1176; baseline 0.003 -13"><span class='ocrx_word' id='word_1_107' title='bbox 139 1122 166 1164; x_wconf 88' lang='grc' dir='ltr'><em>ὸ</em></span> <span class='ocrx_word' id='word_1_108' title='bbox 196 1120 293 1164; x_wconf 85' lang='lat' dir='ltr'><strong>dato</strong></span> <span class='ocrx_word' id='word_1_109' title='bbox 319 1121 356 1164; x_wconf 87' lang='lat' dir='ltr'><strong>el</strong></span> <span class='ocrx_word' id='word_1_110' title='bbox 377 1122 513 1164; x_wconf 88' lang='lat' dir='ltr'><strong>tratho</strong></span> <span class='ocrx_word' id='word_1_111' title='bbox 533 1121 584 1164; x_wconf 89' lang='lat' dir='ltr'><strong>de</strong></span> <span class='ocrx_word' id='word_1_112' title='bbox 616 1120 723 1164; x_wconf 90' lang='lat' dir='ltr'><strong>dicte</strong></span> <span class='ocrx_word' id='word_1_113' title='bbox 751 1120 849 1165; x_wconf 88' lang='lat' dir='ltr'><strong>robe</strong></span> <span class='ocrx_word' id='word_1_114' title='bbox 881 1122 916 1164; x_wconf 88' lang='lat' dir='ltr'><strong>al</strong></span> <span class='ocrx_word' id='word_1_115' title='bbox 949 1121 1061 1165; x_wconf 88' lang='lat' dir='ltr'><strong>dicto</strong></span> <span class='ocrx_word' id='word_1_116' title='bbox 1093 1124 1294 1176; x_wconf 84' lang='lat' dir='ltr'><strong>Antonio,</strong></span> <span class='ocrx_word' id='word_1_117' title='bbox 1327 1139 1349 1166; x_wconf 93' lang='lat' dir='ltr'><strong>e</strong></span> <span class='ocrx_word' id='word_1_118' title='bbox 1382 1124 1532 1167; x_wconf 86' lang='lat' dir='ltr'><strong>chome</strong></span> <span class='ocrx_word' id='word_1_119' title='bbox 1566 1140 1629 1167; x_wconf 88' lang='lat' dir='ltr'><strong>ser</strong></span> 
     </span>
     <span class='ocr_line' id='line_1_13' title="bbox 140 1190 1628 1253; baseline 0.003 -19"><span class='ocrx_word' id='word_1_120' title='bbox 140 1192 268 1234; x_wconf 88' lang='lat' dir='ltr'><strong>Zanin</strong></span> <span class='ocrx_word' id='word_1_121' title='bbox 290 1190 340 1234; x_wconf 91' lang='lat' dir='ltr'><strong>de</strong></span> <span class='ocrx_word' id='word_1_122' title='bbox 372 1192 408 1234; x_wconf 75' lang='lat' dir='ltr'><strong>la</strong></span> <span class='ocrx_word' id='word_1_123' title='bbox 441 1207 484 1234; x_wconf 93' lang='lat' dir='ltr'><strong>se</strong></span> <span class='ocrx_word' id='word_1_124' title='bbox 515 1191 669 1235; x_wconf 84' lang='lat' dir='ltr'><strong>acordo</strong></span> <span class='ocrx_word' id='word_1_125' title='bbox 691 1208 713 1234; x_wconf 90' lang='lat' dir='ltr'><strong>e</strong></span> <span class='ocrx_word' id='word_1_126' title='bbox 737 1194 842 1249; x_wconf 79' lang='lat' dir='ltr'><strong>pago</strong></span> <span class='ocrx_word' id='word_1_127' title='bbox 874 1192 924 1236; x_wconf 91' lang='lat' dir='ltr'><strong>de</strong></span> <span class='ocrx_word' id='word_1_128' title='bbox 956 1193 1063 1236; x_wconf 89' lang='lat' dir='ltr'><strong>dicte</strong></span> <span class='ocrx_word' id='word_1_129' title='bbox 1096 1193 1195 1236; x_wconf 86' lang='lat' dir='ltr'><strong>robe</strong></span> <span class='ocrx_word' id='word_1_130' title='bbox 1218 1205 1256 1236; x_wconf 92' lang='lat' dir='ltr'><strong>et</strong></span> <span class='ocrx_word' id='word_1_131' title='bbox 1288 1194 1467 1237; x_wconf 83' lang='lat' dir='ltr'><strong>anchora</strong></span> <span class='ocrx_word' id='word_1_132' title='bbox 1501 1211 1543 1238; x_wconf 88' lang='lat' dir='ltr'><strong>se</strong></span> <span class='ocrx_word' id='word_1_133' title='bbox 1575 1211 1628 1253; x_wconf 94' lang='lat' dir='ltr'><strong>po</strong></span> 
     </span>
     <span class='ocr_line' id='line_1_14' title="bbox 139 1263 1628 1324; baseline 0.003 -18"><span class='ocrx_word' id='word_1_134' title='bbox 139 1263 326 1320; x_wconf 86' lang='lat' dir='ltr'><strong>pachare,</strong></span> <span class='ocrx_word' id='word_1_135' title='bbox 353 1279 438 1306; x_wconf 87' lang='lat' dir='ltr'><strong>non</strong></span> <span class='ocrx_word' id='word_1_136' title='bbox 470 1263 649 1321; x_wconf 80' lang='lat' dir='ltr'><strong>vogliate</strong></span> <span class='ocrx_word' id='word_1_137' title='bbox 682 1264 723 1306; x_wconf 91' lang='lat' dir='ltr'><strong>io</strong></span> <span class='ocrx_word' id='word_1_138' title='bbox 745 1265 838 1321; x_wconf 82' lang='lat' dir='ltr'><strong>pagi</strong></span> <span class='ocrx_word' id='word_1_139' title='bbox 870 1263 976 1307; x_wconf 88' lang='lat' dir='ltr'><strong>dicte</strong></span> <span class='ocrx_word' id='word_1_140' title='bbox 1009 1263 1108 1307; x_wconf 87' lang='lat' dir='ltr'><strong>robe</strong></span> <span class='ocrx_word' id='word_1_141' title='bbox 1141 1265 1313 1308; x_wconf 83' lang='lat' dir='ltr'><strong>un&#39;altra</strong></span> <span class='ocrx_word' id='word_1_142' title='bbox 1336 1265 1440 1309; x_wconf 82' lang='lat' dir='ltr'><strong>fiada</strong></span> <span class='ocrx_word' id='word_1_143' title='bbox 1463 1282 1484 1309; x_wconf 91' lang='lat' dir='ltr'><strong>e</strong></span> <span class='ocrx_word' id='word_1_144' title='bbox 1506 1266 1628 1324; x_wconf 87' lang='lat' dir='ltr'><strong>perda</strong></span> 
     </span>
     <span class='ocr_line' id='line_1_15' title="bbox 137 1333 1626 1381; baseline 0.002 -4"><span class='ocrx_word' id='word_1_145' title='bbox 137 1333 236 1378; x_wconf 89' lang='lat' dir='ltr'><strong>dicti</strong></span> <span class='ocrx_word' id='word_1_146' title='bbox 260 1334 401 1378; x_wconf 85' lang='lat' dir='ltr'><strong>denari</strong></span> <span class='ocrx_word' id='word_1_147' title='bbox 424 1350 446 1378; x_wconf 91' lang='lat' dir='ltr'><strong>e</strong></span> <span class='ocrx_word' id='word_1_148' title='bbox 479 1336 536 1377; x_wconf 90' lang='lat' dir='ltr'><strong>sia</strong></span> <span class='ocrx_word' id='word_1_149' title='bbox 568 1334 728 1378; x_wconf 82' lang='lat' dir='ltr'><strong>desfato</strong></span> <span class='ocrx_word' id='word_1_150' title='bbox 755 1336 813 1377; x_wconf 91' lang='lat' dir='ltr'><strong>mi</strong></span> <span class='ocrx_word' id='word_1_151' title='bbox 847 1351 867 1377; x_wconf 92' lang='lat' dir='ltr'><strong>e</strong></span> <span class='ocrx_word' id='word_1_152' title='bbox 900 1337 984 1378; x_wconf 89' lang='lat' dir='ltr'><strong>mie</strong></span> <span class='ocrx_word' id='word_1_153' title='bbox 1017 1334 1133 1379; x_wconf 87' lang='lat' dir='ltr'><strong>fiuoli</strong></span> <span class='ocrx_word' id='word_1_154' title='bbox 1166 1348 1309 1379; x_wconf 85' lang='lat' dir='ltr'><strong>contra</strong></span> <span class='ocrx_word' id='word_1_155' title='bbox 1344 1337 1380 1379; x_wconf 88' lang='lat' dir='ltr'><strong>la</strong></span> <span class='ocrx_word' id='word_1_156' title='bbox 1415 1352 1556 1380; x_wconf 81' lang='lat' dir='ltr'><strong>raxon.</strong></span> <span class='ocrx_word' id='word_1_157' title='bbox 1595 1339 1626 1381; x_wconf 81' lang='lat' dir='ltr'>E</span> 
     </span>
     <span class='ocr_line' id='line_1_16' title="bbox 138 1405 1628 1464; baseline 0.002 -16"><span class='ocrx_word' id='word_1_158' title='bbox 138 1406 293 1463; x_wconf 83' lang='lat' dir='ltr'><strong>piazavi</strong></span> <span class='ocrx_word' id='word_1_159' title='bbox 321 1421 391 1463; x_wconf 89' lang='lat' dir='ltr'><strong>per</strong></span> <span class='ocrx_word' id='word_1_160' title='bbox 412 1406 449 1448; x_wconf 93' lang='lat' dir='ltr'><strong>le</strong></span> <span class='ocrx_word' id='word_1_161' title='bbox 471 1421 601 1449; x_wconf 83' lang='lat' dir='ltr'><strong>raxon</strong></span> <span class='ocrx_word' id='word_1_162' title='bbox 623 1405 730 1449; x_wconf 89' lang='lat' dir='ltr'><strong>dicte</strong></span> <span class='ocrx_word' id='word_1_163' title='bbox 751 1422 773 1449; x_wconf 92' lang='lat' dir='ltr'><strong>e</strong></span> <span class='ocrx_word' id='word_1_164' title='bbox 795 1422 815 1448; x_wconf 84' lang='lat' dir='ltr'><strong>a</strong></span> <span class='ocrx_word' id='word_1_165' title='bbox 839 1405 971 1449; x_wconf 86' lang='lat' dir='ltr'><strong>bocha</strong></span> <span class='ocrx_word' id='word_1_166' title='bbox 993 1407 1181 1464; x_wconf 84' lang='lat' dir='ltr'><strong>allegatte</strong></span> <span class='ocrx_word' id='word_1_167' title='bbox 1204 1408 1427 1450; x_wconf 72' lang='lat' dir='ltr'><strong>asolvermi</strong></span> <span class='ocrx_word' id='word_1_168' title='bbox 1445 1408 1495 1451; x_wconf 90' lang='lat' dir='ltr'><strong>de</strong></span> <span class='ocrx_word' id='word_1_169' title='bbox 1518 1421 1628 1452; x_wconf 83' lang='lat' dir='ltr'><strong>tanta</strong></span> 
     </span>
     <span class='ocr_line' id='line_1_17' title="bbox 139 1476 1627 1537; baseline 0.003 -18"><span class='ocrx_word' id='word_1_170' title='bbox 139 1477 290 1520; x_wconf 84' lang='lat' dir='ltr'><strong>iniusta</strong></span> <span class='ocrx_word' id='word_1_171' title='bbox 311 1476 534 1530; x_wconf 88' lang='lat' dir='ltr'><strong>domanda,</strong></span> <span class='ocrx_word' id='word_1_172' title='bbox 553 1493 574 1520; x_wconf 89' lang='lat' dir='ltr'><strong>e</strong></span> <span class='ocrx_word' id='word_1_173' title='bbox 597 1477 805 1520; x_wconf 83' lang='lat' dir='ltr'><strong>condanar</strong></span> <span class='ocrx_word' id='word_1_174' title='bbox 828 1493 900 1521; x_wconf 92' lang='lat' dir='ltr'><strong>eso</strong></span> <span class='ocrx_word' id='word_1_175' title='bbox 923 1478 1107 1535; x_wconf 90' lang='lat' dir='ltr'><strong>predicto</strong></span> <span class='ocrx_word' id='word_1_176' title='bbox 1126 1494 1191 1521; x_wconf 87' lang='lat' dir='ltr'><strong>ser</strong></span> <span class='ocrx_word' id='word_1_177' title='bbox 1209 1480 1337 1522; x_wconf 88' lang='lat' dir='ltr'><strong>Zanin</strong></span> <span class='ocrx_word' id='word_1_178' title='bbox 1364 1481 1406 1522; x_wconf 91' lang='lat' dir='ltr'><strong>in</strong></span> <span class='ocrx_word' id='word_1_179' title='bbox 1428 1479 1464 1522; x_wconf 88' lang='lat' dir='ltr'><strong>le</strong></span> <span class='ocrx_word' id='word_1_180' title='bbox 1497 1496 1627 1537; x_wconf 87' lang='lat' dir='ltr'><strong>spese,</strong></span> 
     </span>
     <span class='ocr_line' id='line_1_18' title="bbox 138 1547 1627 1605; baseline 0.003 -15"><span class='ocrx_word' id='word_1_181' title='bbox 138 1547 396 1591; x_wconf 82' lang='lat' dir='ltr'><strong>salvandomi</strong></span> <span class='ocrx_word' id='word_1_182' title='bbox 429 1549 529 1605; x_wconf 88' lang='lat' dir='ltr'><strong>ogni</strong></span> <span class='ocrx_word' id='word_1_183' title='bbox 563 1563 691 1591; x_wconf 78' lang='lat' dir='ltr'><strong>raxon</strong></span> <span class='ocrx_word' id='word_1_184' title='bbox 724 1550 749 1591; x_wconf 82' lang='grc' dir='ltr'>ὸ</span> <span class='ocrx_word' id='word_1_185' title='bbox 783 1560 925 1591; x_wconf 85' lang='lat' dir='ltr'><strong>contra</strong></span> <span class='ocrx_word' id='word_1_186' title='bbox 958 1549 1023 1592; x_wconf 92' lang='lat' dir='ltr'><strong>del</strong></span> <span class='ocrx_word' id='word_1_187' title='bbox 1055 1549 1166 1592; x_wconf 90' lang='lat' dir='ltr'><strong>dicto</strong></span> <span class='ocrx_word' id='word_1_188' title='bbox 1199 1565 1264 1592; x_wconf 91' lang='lat' dir='ltr'><strong>ser</strong></span> <span class='ocrx_word' id='word_1_189' title='bbox 1297 1551 1425 1593; x_wconf 86' lang='lat' dir='ltr'><strong>Zanin</strong></span> <span class='ocrx_word' id='word_1_190' title='bbox 1459 1551 1627 1595; x_wconf 83' lang='lat' dir='ltr'><strong>Bancho</strong></span> 
     </span>
     <span class='ocr_line' id='line_1_19' title="bbox 140 1617 1627 1677; baseline 0.003 -17"><span class='ocrx_word' id='word_1_191' title='bbox 140 1633 212 1676; x_wconf 89' lang='lat' dir='ltr'><strong>per</strong></span> <span class='ocrx_word' id='word_1_192' title='bbox 243 1618 281 1661; x_wconf 90' lang='lat' dir='ltr'><strong>la</strong></span> <span class='ocrx_word' id='word_1_193' title='bbox 312 1617 419 1661; x_wconf 83' lang='lat' dir='ltr'><strong>dicta</strong></span> <span class='ocrx_word' id='word_1_194' title='bbox 451 1620 652 1662; x_wconf 88' lang='lat' dir='ltr'><strong>sententia</strong></span> <span class='ocrx_word' id='word_1_195' title='bbox 685 1619 894 1662; x_wconf 84' lang='lat' dir='ltr'><strong>arbitraria</strong></span> <span class='ocrx_word' id='word_1_196' title='bbox 927 1635 998 1677; x_wconf 91' lang='lat' dir='ltr'><strong>per</strong></span> <span class='ocrx_word' id='word_1_197' title='bbox 1030 1621 1100 1662; x_wconf 85' lang='lat' dir='ltr'><strong>nui</strong></span> <span class='ocrx_word' id='word_1_198' title='bbox 1133 1619 1338 1664; x_wconf 82' lang='lat' dir='ltr'><strong>d&#39;acordo</strong></span> <span class='ocrx_word' id='word_1_199' title='bbox 1370 1621 1627 1665; x_wconf 81' lang='lat' dir='ltr'><strong>ratiffichata.</strong></span> 
     </span>
    </p>
   </div>
   <div class='ocr_carea' id='block_1_3' title="bbox 135 1760 1627 2801">
    <p class='ocr_par' dir='ltr' id='par_1_3' title="bbox 135 1760 1627 2801">
     <span class='ocr_line' id='line_1_20' title="bbox 225 1760 1626 1819; baseline 0.003 -15"><span class='ocrx_word' id='word_1_200' title='bbox 225 1761 348 1805; x_wconf 89' lang='lat' dir='ltr'><strong>Unde</strong></span> <span class='ocrx_word' id='word_1_201' title='bbox 380 1760 526 1819; x_wconf 88' lang='lat' dir='ltr'><strong>prefati</strong></span> <span class='ocrx_word' id='word_1_202' title='bbox 557 1760 718 1805; x_wconf 89' lang='lat' dir='ltr'><strong>domini</strong></span> <span class='ocrx_word' id='word_1_203' title='bbox 751 1761 906 1805; x_wconf 87' lang='lat' dir='ltr'><strong>iudices</strong></span> <span class='ocrx_word' id='word_1_204' title='bbox 940 1764 1204 1819; x_wconf 89' lang='lat' dir='ltr'><strong>petitionum,</strong></span> <span class='ocrx_word' id='word_1_205' title='bbox 1247 1763 1438 1806; x_wconf 76' lang='lat' dir='ltr'><strong>videlicet</strong></span> <span class='ocrx_word' id='word_1_206' title='bbox 1463 1763 1626 1808; x_wconf 90' lang='lat' dir='ltr'><strong>domini</strong></span> 
     </span>
     <span class='ocr_line' id='line_1_21' title="bbox 138 1832 1625 1890; baseline 0.003 -15"><span class='ocrx_word' id='word_1_207' title='bbox 138 1832 452 1876; x_wconf 86' lang='lat' dir='ltr'><strong>Bartholameus</strong></span> <span class='ocrx_word' id='word_1_208' title='bbox 475 1834 720 1890; x_wconf 85' lang='lat' dir='ltr'><strong>Superantio</strong></span> <span class='ocrx_word' id='word_1_209' title='bbox 741 1845 781 1876; x_wconf 86' lang='lat' dir='ltr'><strong>et</strong></span> <span class='ocrx_word' id='word_1_210' title='bbox 804 1834 950 1876; x_wconf 83' lang='lat' dir='ltr'><strong>Petrus</strong></span> <span class='ocrx_word' id='word_1_211' title='bbox 973 1834 1169 1887; x_wconf 85' lang='lat' dir='ltr'><strong>Quirino,</strong></span> <span class='ocrx_word' id='word_1_212' title='bbox 1193 1833 1367 1878; x_wconf 91' lang='lat' dir='ltr'><strong>domino</strong></span> <span class='ocrx_word' id='word_1_213' title='bbox 1395 1836 1625 1879; x_wconf 81' lang='lat' dir='ltr'><strong>Hermolao</strong></span> 
     </span>
     <span class='ocr_line' id='line_1_22' title="bbox 139 1903 1627 1964; baseline 0.002 -17"><span class='ocrx_word' id='word_1_214' title='bbox 139 1903 288 1961; x_wconf 91' lang='lat' dir='ltr'><strong>Coppo</strong></span> <span class='ocrx_word' id='word_1_215' title='bbox 320 1905 450 1948; x_wconf 90' lang='lat' dir='ltr'><strong>tercio</strong></span> <span class='ocrx_word' id='word_1_216' title='bbox 483 1919 630 1946; x_wconf 89' lang='lat' dir='ltr'><strong>eorum</strong></span> <span class='ocrx_word' id='word_1_217' title='bbox 663 1904 819 1961; x_wconf 84' lang='lat' dir='ltr'><strong>collega</strong></span> <span class='ocrx_word' id='word_1_218' title='bbox 842 1919 927 1947; x_wconf 92' lang='lat' dir='ltr'><strong>non</strong></span> <span class='ocrx_word' id='word_1_219' title='bbox 955 1905 1180 1948; x_wconf 80' lang='lat' dir='ltr'><strong>existente¹</strong></span> <span class='ocrx_word' id='word_1_220' title='bbox 1216 1920 1313 1948; x_wconf 88' lang='lat' dir='ltr'><strong>cum</strong></span> <span class='ocrx_word' id='word_1_221' title='bbox 1346 1907 1404 1948; x_wconf 93' lang='lat' dir='ltr'><strong>eis</strong></span> <span class='ocrx_word' id='word_1_222' title='bbox 1435 1907 1477 1948; x_wconf 91' lang='lat' dir='ltr'><strong>in</strong></span> <span class='ocrx_word' id='word_1_223' title='bbox 1509 1908 1627 1964; x_wconf 91' lang='lat' dir='ltr'><strong>oppi-</strong></span> 
     </span>
     <span class='ocr_line' id='line_1_23' title="bbox 137 1974 1623 2034; baseline 0.002 -17"><span class='ocrx_word' id='word_1_224' title='bbox 137 1975 276 2027; x_wconf 87' lang='lat' dir='ltr'><strong>nione,</strong></span> <span class='ocrx_word' id='word_1_225' title='bbox 293 1975 409 2028; x_wconf 79' lang='lat' dir='ltr'><strong>visis,</strong></span> <span class='ocrx_word' id='word_1_226' title='bbox 427 1975 573 2018; x_wconf 90' lang='lat' dir='ltr'><strong>auditis</strong></span> <span class='ocrx_word' id='word_1_227' title='bbox 592 1987 631 2018; x_wconf 92' lang='lat' dir='ltr'><strong>et</strong></span> <span class='ocrx_word' id='word_1_228' title='bbox 647 1974 865 2032; x_wconf 89' lang='lat' dir='ltr'><strong>diligenter</strong></span> <span class='ocrx_word' id='word_1_229' title='bbox 882 1976 1085 2018; x_wconf 90' lang='lat' dir='ltr'><strong>intelectis</strong></span> <span class='ocrx_word' id='word_1_230' title='bbox 1103 1977 1314 2033; x_wconf 90' lang='lat' dir='ltr'><strong>petitione,</strong></span> <span class='ocrx_word' id='word_1_231' title='bbox 1338 1979 1623 2034; x_wconf 88' lang='lat' dir='ltr'><strong>responsione,</strong></span> 
     </span>
     <span class='ocr_line' id='line_1_24' title="bbox 138 2044 1623 2106; baseline 0.003 -18"><span class='ocrx_word' id='word_1_232' title='bbox 138 2044 310 2098; x_wconf 89' lang='lat' dir='ltr'><strong>iuribus,</strong></span> <span class='ocrx_word' id='word_1_233' title='bbox 342 2057 382 2089; x_wconf 93' lang='lat' dir='ltr'><strong>et</strong></span> <span class='ocrx_word' id='word_1_234' title='bbox 427 2045 655 2089; x_wconf 88' lang='lat' dir='ltr'><strong>rationibus</strong></span> <span class='ocrx_word' id='word_1_235' title='bbox 694 2047 874 2103; x_wconf 87' lang='lat' dir='ltr'><strong>partium</strong></span> <span class='ocrx_word' id='word_1_236' title='bbox 915 2048 1228 2104; x_wconf 87' lang='lat' dir='ltr'><strong>premissarum,</strong></span> <span class='ocrx_word' id='word_1_237' title='bbox 1266 2048 1354 2090; x_wconf 83' lang='lat' dir='ltr'><strong>visa</strong></span> <span class='ocrx_word' id='word_1_238' title='bbox 1395 2048 1623 2106; x_wconf 85' lang='lat' dir='ltr'><strong>supradicta</strong></span> 
     </span>
     <span class='ocr_line' id='line_1_25' title="bbox 138 2117 1625 2177; baseline 0.001 -17"><span class='ocrx_word' id='word_1_239' title='bbox 138 2118 338 2160; x_wconf 88' lang='lat' dir='ltr'><strong>sententia</strong></span> <span class='ocrx_word' id='word_1_240' title='bbox 369 2117 579 2160; x_wconf 85' lang='lat' dir='ltr'><strong>arbitraria</strong></span> <span class='ocrx_word' id='word_1_241' title='bbox 606 2117 671 2160; x_wconf 90' lang='lat' dir='ltr'><strong>hic</strong></span> <span class='ocrx_word' id='word_1_242' title='bbox 706 2118 893 2160; x_wconf 71' lang='lat' dir='ltr'><strong>Venetiis</strong></span> <span class='ocrx_word' id='word_1_243' title='bbox 926 2119 1031 2161; x_wconf 88' lang='lat' dir='ltr'><strong>inter</strong></span> <span class='ocrx_word' id='word_1_244' title='bbox 1063 2117 1190 2161; x_wconf 88' lang='lat' dir='ltr'><strong>dictas</strong></span> <span class='ocrx_word' id='word_1_245' title='bbox 1222 2130 1356 2176; x_wconf 87' lang='lat' dir='ltr'><strong>partes</strong></span> <span class='ocrx_word' id='word_1_246' title='bbox 1389 2119 1481 2172; x_wconf 88' lang='lat' dir='ltr'><strong>lata,</strong></span> <span class='ocrx_word' id='word_1_247' title='bbox 1503 2131 1625 2177; x_wconf 87' lang='lat' dir='ltr'><strong>prout</strong></span> 
     </span>
     <span class='ocr_line' id='line_1_26' title="bbox 137 2187 1624 2246; baseline 0.003 -16"><span class='ocrx_word' id='word_1_248' title='bbox 137 2187 236 2230; x_wconf 85' lang='lat' dir='ltr'><strong>alias</strong></span> <span class='ocrx_word' id='word_1_249' title='bbox 267 2187 318 2231; x_wconf 91' lang='lat' dir='ltr'><strong>de</strong></span> <span class='ocrx_word' id='word_1_250' title='bbox 364 2187 471 2231; x_wconf 90' lang='lat' dir='ltr'><strong>dicta</strong></span> <span class='ocrx_word' id='word_1_251' title='bbox 509 2189 711 2232; x_wconf 83' lang='lat' dir='ltr'><strong>sententia</strong></span> <span class='ocrx_word' id='word_1_252' title='bbox 753 2190 880 2246; x_wconf 86' lang='lat' dir='ltr'><strong>patuit</strong></span> <span class='ocrx_word' id='word_1_253' title='bbox 923 2190 1034 2232; x_wconf 77' lang='lat' dir='ltr'><strong>curie</strong></span> <span class='ocrx_word' id='word_1_254' title='bbox 1079 2188 1272 2232; x_wconf 84' lang='lat' dir='ltr'><strong>ratificata</strong></span> <span class='ocrx_word' id='word_1_255' title='bbox 1314 2205 1384 2246; x_wconf 91' lang='lat' dir='ltr'><strong>per</strong></span> <span class='ocrx_word' id='word_1_256' title='bbox 1427 2190 1624 2234; x_wconf 88' lang='lat' dir='ltr'><strong>dominos</strong></span> 
     </span>
     <span class='ocr_line' id='line_1_27' title="bbox 138 2258 1623 2318; baseline 0.001 -16"><span class='ocrx_word' id='word_1_257' title='bbox 138 2258 292 2302; x_wconf 89' lang='lat' dir='ltr'><strong>iudices</strong></span> <span class='ocrx_word' id='word_1_258' title='bbox 313 2260 562 2316; x_wconf 87' lang='lat' dir='ltr'><strong>petitionum</strong></span> <span class='ocrx_word' id='word_1_259' title='bbox 585 2271 625 2302; x_wconf 90' lang='lat' dir='ltr'><strong>et</strong></span> <span class='ocrx_word' id='word_1_260' title='bbox 647 2259 901 2303; x_wconf 86' lang='lat' dir='ltr'><strong>confermata</strong></span> <span class='ocrx_word' id='word_1_261' title='bbox 928 2259 977 2302; x_wconf 91' lang='lat' dir='ltr'><strong>de</strong></span> <span class='ocrx_word' id='word_1_262' title='bbox 998 2260 1209 2303; x_wconf 76' lang='lat' dir='ltr'><strong>voluntate</strong></span> <span class='ocrx_word' id='word_1_263' title='bbox 1232 2261 1410 2318; x_wconf 87' lang='lat' dir='ltr'><strong>partium</strong></span> <span class='ocrx_word' id='word_1_264' title='bbox 1430 2262 1474 2304; x_wconf 89' lang='lat' dir='ltr'><strong>in</strong></span> <span class='ocrx_word' id='word_1_265' title='bbox 1501 2276 1623 2318; x_wconf 81' lang='lat'><strong>1429,</strong></span> 
     </span>
     <span class='ocr_line' id='line_1_28' title="bbox 138 2329 1624 2389; baseline 0.002 -17"><span class='ocrx_word' id='word_1_266' title='bbox 138 2329 363 2373; x_wconf 91' lang='lat' dir='ltr'><strong>indictione</strong></span> <span class='ocrx_word' id='word_1_267' title='bbox 395 2343 437 2386; x_wconf 80' lang='lat'><strong>7,</strong></span> <span class='ocrx_word' id='word_1_268' title='bbox 468 2329 533 2373; x_wconf 92' lang='lat' dir='ltr'><strong>die</strong></span> <span class='ocrx_word' id='word_1_269' title='bbox 568 2343 621 2372; x_wconf 85' lang='lat'><strong>20</strong></span> <span class='ocrx_word' id='word_1_270' title='bbox 655 2331 810 2373; x_wconf 87' lang='lat' dir='ltr'><strong>mensis</strong></span> <span class='ocrx_word' id='word_1_271' title='bbox 842 2330 949 2382; x_wconf 88' lang='lat' dir='ltr'><strong>Iulii,</strong></span> <span class='ocrx_word' id='word_1_272' title='bbox 990 2330 1190 2383; x_wconf 79' lang='lat' dir='ltr'><strong>Rivoalti3</strong></span> <span class='ocrx_word' id='word_1_273' title='bbox 1223 2331 1314 2374; x_wconf 78' lang='lat' dir='ltr'><strong>viso</strong></span> <span class='ocrx_word' id='word_1_274' title='bbox 1346 2331 1529 2389; x_wconf 87' lang='lat' dir='ltr'><strong>quodam</strong></span> <span class='ocrx_word' id='word_1_275' title='bbox 1562 2334 1624 2375; x_wconf 90' lang='lat' dir='ltr'><strong>in-</strong></span> 
     </span>
     <span class='ocr_line' id='line_1_29' title="bbox 137 2401 1623 2458; baseline 0.002 -14"><span class='ocrx_word' id='word_1_276' title='bbox 137 2412 370 2444; x_wconf 89' lang='lat' dir='ltr'><strong>strumento</strong></span> <span class='ocrx_word' id='word_1_277' title='bbox 416 2401 688 2445; x_wconf 86' lang='lat' dir='ltr'><strong>dominorum</strong></span> <span class='ocrx_word' id='word_1_278' title='bbox 738 2402 959 2445; x_wconf 88' lang='lat' dir='ltr'><strong>consulum</strong></span> <span class='ocrx_word' id='word_1_279' title='bbox 1007 2403 1183 2446; x_wconf 83' lang='lat' dir='ltr'><strong>civitatis</strong></span> <span class='ocrx_word' id='word_1_280' title='bbox 1223 2403 1471 2458; x_wconf 76' lang='lat' dir='ltr'><strong>Carchovie,</strong></span> <span class='ocrx_word' id='word_1_281' title='bbox 1515 2404 1623 2447; x_wconf 89' lang='lat' dir='ltr'><strong>bulla</strong></span> 
     </span>
     <span class='ocr_line' id='line_1_30' title="bbox 137 2472 1622 2533; baseline 0.002 -18"><span class='ocrx_word' id='word_1_282' title='bbox 137 2487 254 2515; x_wconf 84' lang='lat' dir='ltr'><strong>cerea</strong></span> <span class='ocrx_word' id='word_1_283' title='bbox 285 2472 374 2515; x_wconf 89' lang='lat' dir='ltr'><strong>alba</strong></span> <span class='ocrx_word' id='word_1_284' title='bbox 406 2473 447 2516; x_wconf 90' lang='lat' dir='ltr'><strong>in</strong></span> <span class='ocrx_word' id='word_1_285' title='bbox 481 2473 671 2530; x_wconf 88' lang='lat' dir='ltr'><strong>pendenti</strong></span> <span class='ocrx_word' id='word_1_286' title='bbox 706 2472 861 2516; x_wconf 86' lang='lat' dir='ltr'><strong>bullato</strong></span> <span class='ocrx_word' id='word_1_287' title='bbox 894 2475 935 2516; x_wconf 91' lang='lat' dir='ltr'><strong>in</strong></span> <span class='ocrx_word' id='word_1_288' title='bbox 973 2487 1080 2529; x_wconf 77' lang='lat'>1429</span> <span class='ocrx_word' id='word_1_289' title='bbox 1113 2474 1179 2517; x_wconf 91' lang='lat' dir='ltr'><strong>die</strong></span> <span class='ocrx_word' id='word_1_290' title='bbox 1206 2476 1254 2517; x_wconf 82' lang='lat'><strong>16</strong></span> <span class='ocrx_word' id='word_1_291' title='bbox 1281 2476 1435 2518; x_wconf 90' lang='lat' dir='ltr'><strong>mensis</strong></span> <span class='ocrx_word' id='word_1_292' title='bbox 1456 2477 1622 2533; x_wconf 88' lang='lat' dir='ltr'><strong>Aprilis,</strong></span> 
     </span>
     <span class='ocr_line' id='line_1_31' title="bbox 137 2543 1622 2590; baseline 0.002 -4"><span class='ocrx_word' id='word_1_293' title='bbox 137 2554 176 2586; x_wconf 90' lang='lat' dir='ltr'><strong>et</strong></span> <span class='ocrx_word' id='word_1_294' title='bbox 207 2543 548 2587; x_wconf 83' lang='lat' dir='ltr'><strong>recommendato</strong></span> <span class='ocrx_word' id='word_1_295' title='bbox 585 2543 636 2587; x_wconf 89' lang='lat' dir='ltr'><strong>de</strong></span> <span class='ocrx_word' id='word_1_296' title='bbox 667 2544 799 2587; x_wconf 86' lang='lat' dir='ltr'><strong>ducali</strong></span> <span class='ocrx_word' id='word_1_297' title='bbox 833 2544 1028 2588; x_wconf 83' lang='lat' dir='ltr'><strong>mandato</strong></span> <span class='ocrx_word' id='word_1_298' title='bbox 1060 2544 1108 2588; x_wconf 88' lang='lat' dir='ltr'><strong>ad</strong></span> <span class='ocrx_word' id='word_1_299' title='bbox 1142 2544 1329 2588; x_wconf 83' lang='lat' dir='ltr'><strong>officium</strong></span> <span class='ocrx_word' id='word_1_300' title='bbox 1352 2545 1622 2590; x_wconf 87' lang='lat' dir='ltr'><strong>dominorum</strong></span> 
     </span>
     <span class='ocr_line' id='line_1_32' title="bbox 137 2612 1624 2672; baseline 0.002 -16"><span class='ocrx_word' id='word_1_301' title='bbox 137 2612 377 2657; x_wconf 84' lang='lat' dir='ltr'><strong>officialium</strong></span> <span class='ocrx_word' id='word_1_302' title='bbox 415 2614 465 2658; x_wconf 93' lang='lat' dir='ltr'><strong>de</strong></span> <span class='ocrx_word' id='word_1_303' title='bbox 508 2626 628 2657; x_wconf 90' lang='lat' dir='ltr'><strong>nocte</strong></span> <span class='ocrx_word' id='word_1_304' title='bbox 672 2630 743 2672; x_wconf 91' lang='lat' dir='ltr'><strong>per</strong></span> <span class='ocrx_word' id='word_1_305' title='bbox 781 2630 845 2658; x_wconf 90' lang='lat' dir='ltr'><strong>ser</strong></span> <span class='ocrx_word' id='word_1_306' title='bbox 878 2615 1048 2658; x_wconf 88' lang='lat' dir='ltr'><strong>Petrum</strong></span> <span class='ocrx_word' id='word_1_307' title='bbox 1083 2616 1231 2672; x_wconf 80' lang='lat' dir='ltr'><strong>Nigro,</strong></span> <span class='ocrx_word' id='word_1_308' title='bbox 1263 2618 1471 2659; x_wconf 88' lang='lat' dir='ltr'><strong>notarium</strong></span> <span class='ocrx_word' id='word_1_309' title='bbox 1513 2618 1624 2660; x_wconf 86' lang='lat' dir='ltr'><strong>curie</strong></span> 
     </span>
     <span class='ocr_line' id='line_1_33' title="bbox 137 2684 1621 2744; baseline 0.001 -16"><span class='ocrx_word' id='word_1_310' title='bbox 137 2686 322 2738; x_wconf 87' lang='lat' dir='ltr'><strong>maioris,</strong></span> <span class='ocrx_word' id='word_1_311' title='bbox 353 2686 396 2728; x_wconf 90' lang='lat' dir='ltr'><strong>in</strong></span> <span class='ocrx_word' id='word_1_312' title='bbox 424 2699 531 2741; x_wconf 74' lang='lat'>1429</span> <span class='ocrx_word' id='word_1_313' title='bbox 565 2684 629 2728; x_wconf 92' lang='lat' dir='ltr'><strong>die</strong></span> <span class='ocrx_word' id='word_1_314' title='bbox 664 2700 686 2741; x_wconf 88' lang='lat'>9</span> <span class='ocrx_word' id='word_1_315' title='bbox 722 2687 876 2729; x_wconf 87' lang='lat' dir='ltr'><strong>mensis</strong></span> <span class='ocrx_word' id='word_1_316' title='bbox 909 2686 1028 2739; x_wconf 87' lang='lat' dir='ltr'><strong>Iunii,</strong></span> <span class='ocrx_word' id='word_1_317' title='bbox 1061 2686 1286 2729; x_wconf 86' lang='lat' dir='ltr'><strong>indictione</strong></span> <span class='ocrx_word' id='word_1_318' title='bbox 1319 2700 1371 2743; x_wconf 85' lang='lat'><strong>7;</strong></span> <span class='ocrx_word' id='word_1_319' title='bbox 1413 2687 1621 2744; x_wconf 79' lang='lat' dir='ltr'><strong>quoddam</strong></span> 
     </span>
     <span class='ocr_line' id='line_1_34' title="bbox 135 2755 1621 2801; baseline 0.001 -3"><span class='ocrx_word' id='word_1_320' title='bbox 135 2755 216 2798; x_wconf 86' lang='lat' dir='ltr'><strong>alio</strong></span> <span class='ocrx_word' id='word_1_321' title='bbox 256 2757 535 2799; x_wconf 89' lang='lat' dir='ltr'><strong>instrumento</strong></span> <span class='ocrx_word' id='word_1_322' title='bbox 577 2755 907 2800; x_wconf 84' lang='lat' dir='ltr'><strong>confirmationis</strong></span> <span class='ocrx_word' id='word_1_323' title='bbox 954 2768 994 2799; x_wconf 86' lang='lat' dir='ltr'><strong>et</strong></span> <span class='ocrx_word' id='word_1_324' title='bbox 1037 2755 1316 2800; x_wconf 84' lang='lat' dir='ltr'><strong>ratificationis</strong></span> <span class='ocrx_word' id='word_1_325' title='bbox 1358 2759 1621 2801; x_wconf 80' lang='lat' dir='ltr'><strong>instrumenti</strong></span> 
     </span>
    </p>
   </div>
   <div class='ocr_carea' id='block_1_4' title="bbox 233 2910 467 2944">
    <p class='ocr_par' dir='ltr' id='par_1_4' title="bbox 233 2910 467 2944">
     <span class='ocr_line' id='line_1_35' title="bbox 233 2910 467 2944; baseline 0 -1"><span class='ocrx_word' id='word_1_326' title='bbox 233 2917 242 2934; x_wconf 93' lang='lat'><strong>¹</strong></span> <span class='ocrx_word' id='word_1_327' title='bbox 273 2910 348 2944; x_wconf 78' lang='lat' dir='ltr'><strong>MS.</strong></span> <span class='ocrx_word' id='word_1_328' title='bbox 376 2918 467 2944; x_wconf 88' lang='lat' dir='ltr'><strong>ente.</strong></span> 
     </span>
    </p>
   </div>
  </div>
 </body>
</html>
