2201 3554
746 328 980 369 -μ-

122 429 314 486 promisit
345 426 517 470 eandem
550 427 932 484 pronuntiationem
967 427 1054 468 sive
1086 424 1269 474 laudum
1289 423 1364 466 sub
1391 439 1493 480 pena
1521 437 1611 479 pre-

121 497 231 541 dicta
260 498 303 540 in
334 497 529 540 omnibus
561 497 796 548 observare,
820 495 1080 552 regratiando
1113 494 1233 538 nobis
1261 493 1501 537 consulibus
1524 493 1612 550 plu-

121 569 277 612 rimum
318 579 439 626 atque
483 567 648 624 prefatis
681 566 842 610 arbitris
882 578 921 609 et
962 567 1214 624 quicumque
1257 567 1318 608 sui
1350 580 1470 608 causa
1504 565 1612 606 circa

122 640 256 696 ipsam
289 639 671 696 pronuntiationem
704 653 747 680 se
781 637 1058 680 favorabiliter
1093 637 1344 694 fatigassent.

213 710 401 753 Preterea
435 710 575 752 omnia
609 710 852 759 iuramenta,
885 708 936 751 de
972 708 1120 765 quibus
1155 707 1436 765 supradictum
1463 717 1538 758 est,
1560 704 1609 748 ab

125 781 352 824 alterutrim
376 782 541 838 prestita
565 792 658 823 sunt
680 781 745 822 vel
767 779 950 823 dimissa.
975 780 1025 823 Et
1049 781 1256 822 iusserunt
1288 777 1434 836 prefati
1459 777 1614 829 arbitri,

124 851 236 910 quod
267 850 388 895 ambe
419 864 554 909 partes
586 850 767 910 predicte
798 849 993 894 deberent
1020 865 1167 893 omnes
1201 850 1368 902 litteras,
1395 863 1616 905 quascum-

125 938 204 982 que
230 924 336 966 inter
362 938 406 966 se
427 922 637 975 haberent,
658 923 717 965 eis
739 938 788 965 ex
811 933 901 964 toto
928 932 1176 979 presentare,
1202 920 1312 978 quod
1340 935 1434 962 cum
1461 919 1614 962 sactum

126 1004 248 1047 esset,
288 993 618 1037 dilaceraverunt
649 1008 717 1035 eas
760 991 886 1035 iidem
919 991 1060 1034 arbitri
1092 993 1134 1034 in
1174 992 1354 1034 minutas
1399 990 1616 1047 particulas

126 1074 213 1107 tam
243 1064 418 1107 Antonii
449 1079 574 1121 quam
612 1063 809 1106 Iohannis
842 1055 970 1106 Bank'.
1003 1062 1054 1104 Et
1087 1063 1120 1104 si
1162 1062 1296 1118 alique
1337 1061 1413 1103 alie
1458 1071 1617 1102 servate

126 1144 278 1185 essent,
303 1148 382 1192 que
407 1133 466 1176 eis
498 1148 584 1176 non
610 1144 747 1176 essent
773 1143 1018 1190 presentate,
1047 1146 1168 1189 super
1190 1145 1454 1188 quocumque
1481 1141 1618 1173 essent

125 1202 265 1248 debito
297 1204 362 1246 vel
389 1204 561 1257 ratione,
594 1203 683 1247 illas
708 1214 972 1246 cassaverunt
1004 1202 1102 1245 dicti
1133 1201 1276 1244 arbitri
1308 1201 1618 1253 sententialiter,

127 1274 238 1333 quod
270 1275 423 1318 nullius
454 1274 604 1318 debent
636 1290 726 1317 esse
760 1274 922 1317 roboris
955 1273 1020 1316 vel
1053 1274 1272 1316 momenti.
1308 1273 1474 1317 Omnes
1507 1273 1618 1315 enim

128 1346 261 1390 littere
292 1357 332 1390 et
363 1361 484 1389 cause
516 1346 581 1389 vel
626 1347 818 1398 rationes,
866 1360 1127 1403 quecumque
1159 1345 1265 1387 inter
1308 1360 1380 1387 eos
1423 1344 1620 1387 hactenus

128 1417 365 1470 extiterunt,
399 1417 510 1460 nulla
543 1418 706 1474 penitus
738 1428 920 1474 excepta,
952 1415 1100 1459 debent
1133 1416 1183 1459 de
1216 1415 1324 1458 facto
1351 1430 1440 1458 esse
1472 1416 1618 1472 sopite,

128 1488 244 1530 irrite
273 1499 315 1531 et
345 1488 522 1531 extincte
554 1498 594 1530 et
625 1486 773 1531 debent
795 1502 885 1530 esse
918 1488 960 1529 in
992 1486 1097 1529 hanc
1120 1485 1348 1543 predictam
1380 1486 1620 1543 pronuntia-

129 1559 255 1602 tionis
287 1560 535 1602 sententiam
570 1559 762 1601 resolute.
796 1559 952 1601 Datum
987 1557 1085 1600 feria
1111 1569 1256 1614 quarta
1278 1568 1372 1614 post
1396 1557 1618 1600 secundam

130 1630 401 1673 Dominicam
428 1641 522 1687 post
554 1629 706 1672 festum
741 1630 867 1672 Pasce
900 1644 1009 1671 anno
1035 1629 1209 1671 Domini
1250 1642 1372 1684 1429,
1401 1639 1523 1685 prout
1546 1627 1619 1670 hec

130 1702 272 1744 onmia
305 1700 484 1758 predicta
517 1702 558 1744 in
591 1702 768 1759 registro
800 1712 946 1744 nostro
986 1700 1192 1742 consulari
1225 1699 1362 1742 verbis
1408 1699 1621 1742 latioribus

129 1772 181 1816 de
212 1772 352 1830 lingua
377 1774 586 1816 teutonica
619 1773 895 1815 continentur.

226 1891 334 1926 Arch.
356 1892 449 1926 civit.
476 1891 680 1933 Cracoviae,
708 1893 797 1926 Acta
824 1891 955 1925 consul.
988 1900 1207 1936 1412-1449,
1233 1902 1263 1936 p.
1293 1891 1468 1935 257-260.

222 2024 292 2066 53.
327 2022 548 2079 Recognitio
585 2021 788 2065 consulum
831 2023 1000 2065 civitatis
1035 2021 1304 2064 cracoviensis
1345 2020 1388 2062 de
1427 2020 1492 2062 lite
1524 2021 1625 2062 inter

134 2093 362 2136 Antonium
387 2093 580 2136 Iohannis
604 2093 649 2135 de
671 2092 872 2136 Florentia
898 2101 929 2135 et
958 2092 1176 2135 Iohannem
1202 2091 1332 2144 Banlc,
1353 2092 1472 2134 civem
1504 2091 1559 2132 W
1559 2106 1626 2133 ra-

135 2163 409 2216 tislaviensem,
441 2165 482 2207 in
509 2179 627 2208 cansa
661 2165 846 2206 mercium
879 2163 916 2205 V
914 2165 1057 2207 enetias
1087 2163 1365 2206 adductarum.

872 2288 1100 2342 Cracoviae,
1136 2289 1187 2330 16
1220 2287 1376 2346 Aprilis
1411 2301 1538 2344 1429.

224 2414 316 2457 Nos
348 2414 541 2457 consules
564 2414 740 2457 civitatis
765 2414 970 2457 Cracovie
1002 2413 1346 2470 recognoscimus
1372 2411 1534 2469 publice
1556 2426 1627 2469 per

137 2484 212 2528 hec
234 2485 397 2542 scripta,
414 2483 524 2542 quod
543 2500 639 2528 cum
658 2484 808 2542 legales
830 2496 869 2527 et
891 2484 1055 2527 honesti
1079 2484 1158 2526 viri
1175 2483 1413 2526 Anthonius
1432 2483 1628 2526 Iohannis

136 2553 188 2598 de
205 2555 426 2609 Florentia,
445 2556 659 2613 supparius
678 2556 772 2598 salis
790 2566 898 2598 terre
917 2555 1224 2608 Cracoviensis,
1243 2570 1291 2597 ex
1309 2569 1404 2606 una,
1422 2565 1462 2596 et
1478 2553 1631 2597 Iohan-

138 2641 211 2669 nes
232 2626 361 2679 Bank,
388 2627 490 2669 civis
511 2627 880 2679 Wratislaviensis,
900 2638 1011 2684 parte
1037 2641 1087 2669 ex
1112 2626 1252 2678 altera,
1270 2640 1443 2668 omnem
1461 2640 1626 2668 causam

138 2698 226 2741 sive
252 2699 582 2742 controversiam
616 2713 750 2752 suam,
771 2713 897 2756 quam
921 2698 1079 2741 ratione
1106 2697 1410 2740 mercationum
1433 2708 1472 2739 et
1499 2696 1630 2739 socie-

138 2770 233 2812 tatis
258 2769 365 2812 inter
390 2784 434 2812 se
459 2769 658 2812 hactenus
690 2768 920 2812 habuerunt
945 2767 996 2811 de
1018 2768 1102 2810 alto
1124 2778 1163 2811 et
1187 2767 1323 2819 basso,
1349 2766 1559 2811 dedissent
1580 2766 1627 2809 ad

140 2855 289 2883 manus
314 2851 354 2883 et
379 2840 428 2883 ad
461 2841 746 2897 cognitionem
774 2855 844 2882 sev
877 2839 1127 2897 prudentum
1159 2839 1363 2891 virorum,
1389 2838 1627 2881 concivium

139 2921 181 2954 et
211 2910 444 2954 incolarum
475 2911 652 2954 civitatis
684 2922 839 2963 nostre,
871 2923 1051 2968 quorum
1085 2909 1160 2952 hec
1194 2920 1289 2952 sunt
1321 2909 1514 2953 nomina:
1549 2908 1630 2950 Mi-
