2201 3554
1097 312 1299 352 —6-

457 425 523 474 tia,
547 423 720 465 Nicloso
752 421 1003 464 cubiculario
1036 437 1112 464 suo
1138 433 1177 464 et
1206 421 1395 463 familiari
1422 420 1472 463 de
1506 420 1682 476 presenti
1715 417 1940 460 earundem

456 494 603 536 cedens
636 494 941 550 possessionem
975 505 1013 535 et
1046 494 1087 535 in
1121 494 1256 549 ipsum
1290 492 1513 534 Niclonem
1554 489 1806 532 transferens
1842 502 1937 530 cum

455 564 697 606 omnimoda
732 563 902 606 faciendi
937 575 974 605 et
1006 563 1239 606 dimittendi
1277 562 1464 605 facultate
1497 561 1664 617 legavit.

547 635 741 677 Famulos
763 649 862 676 vero
889 645 1062 690 quatuor
1090 635 1129 676 in
1154 633 1366 676 montibus
1394 632 1561 675 Boclme
1588 633 1823 682 existentes,
1850 629 1943 670 vul-

455 706 605 762 gariter
638 718 763 747 otro
777 705 823 746 ki
863 704 1008 757 dictos,
1042 720 1115 761 pro
1147 705 1311 761 speciali
1345 719 1570 760 pauperum
1604 714 1642 745 et
1674 701 1939 744 infirmorum

457 777 739 819 consolatione
772 788 809 818 et
844 777 1037 828 maxime,
1069 777 1137 832 qui
1179 777 1220 818 in
1252 774 1408 818 eisdem
1453 773 1663 817 montibus
1710 772 1942 815 laborantes

458 860 524 890 aut
557 846 796 889 scandentes
823 847 894 889 lesi
924 846 1086 899 fuerint,
1115 847 1304 903 hospitali
1333 846 1565 888 Boclmensi
1593 856 1731 887 sancte
1760 844 1908 887 Crucis
1927 849 1938 868 ¹

458 930 495 960 et
522 918 678 960 eisdem
710 916 955 974 pauperibus
981 918 1020 959 in
1048 932 1097 959 eo
1123 917 1365 974 degentibus
1391 915 1544 958 tribuit.
1573 916 1760 958 Sericum
1788 925 1941 966 autem,

457 988 566 1045 quod
615 989 655 1030 in
699 987 796 1030 Col
814 1003 875 1029 on
894 989 937 1029 ia
980 987 1127 1030 habere
1170 987 1440 1044 dignoscitur,
1480 987 1510 1029 E
1527 1002 1578 1028 ra
1595 1002 1668 1028 sm
1686 1001 1711 1028 o
1756 985 1940 1027 Facti-

459 1074 483 1100 n
499 1074 519 1101 a
533 1059 636 1110 nti,
669 1074 745 1100 suo
778 1060 917 1115 nepoti
949 1059 1123 1101 contulit
1154 1057 1462 1115 assignandum.

547 1130 763 1186 Disposuit
789 1131 924 1186 itaque
951 1129 1156 1187 predictus
1181 1140 1351 1172 testator
1377 1129 1427 1172 de
1455 1130 1657 1171 universis
1685 1129 1768 1171 suis
1794 1127 1942 1170 debitis

458 1203 544 1243 sive
577 1201 740 1244 creditis
773 1202 812 1243 in
847 1201 954 1243 hunc
977 1201 1166 1243 modum.
1201 1201 1345 1243 Primo
1375 1214 1452 1255 190
1476 1215 1601 1242 marc.
1630 1215 1701 1257 per
1730 1200 1944 1243 Goczo-

459 1288 601 1323 nem,
634 1273 769 1315 civem
798 1272 1123 1315 Cracoviensem
1156 1271 1312 1314 debitas
1346 1270 1590 1327 infrascripti
1621 1282 1860 1313 executores
1893 1269 1943 1312 ab

459 1345 547 1401 ipso
581 1345 836 1386 Goczone
871 1343 1052 1399 Czeyn
1086 1343 1257 1400 singulis
1290 1343 1407 1385 annis
1433 1357 1502 1399 per
1535 1355 1587 1384 20
1621 1356 1780 1384 marcas
1812 1355 1944 1398 usque

459 1414 507 1456 ad
541 1413 819 1470 plenimodam
855 1426 936 1468 300
972 1428 1097 1455 marc.
1136 1411 1427 1456 deductionem
1461 1412 1632 1455 sufferre
1672 1411 1835 1465 debent,
1868 1426 1944 1468 pro

458 1484 696 1541 eisdemque
722 1484 901 1541 alioquin
929 1499 1100 1526 censum
1129 1499 1312 1526 annuum
1340 1495 1379 1526 et
1405 1495 1648 1541 perpetuum
1676 1498 1750 1540 pro
1776 1483 1942 1529 vicariis

459 1555 699 1598 cathedralis
719 1556 889 1598 ecclesie
910 1555 1029 1598 castri
1054 1556 1359 1608 Cracoviemis,
1382 1566 1426 1597 ut
1452 1556 1658 1612 perpetuis
1684 1553 1942 1612 temporibus

458 1628 656 1670 devotum
674 1626 952 1684 percelebrent
969 1627 1095 1683 ipsius
1119 1626 1300 1670 Gotfridi
1322 1627 1665 1678 anniversarium,
1689 1641 1942 1683 comparare.

549 1699 744 1741 Ceterum
769 1700 862 1755 quia
895 1709 1098 1755 pretactus
1122 1697 1353 1751 Gotfridus‚
1374 1698 1585 1755 quondam
1607 1697 1848 1741 distributor
1874 1713 1944 1754 pe-

459 1771 672 1812 cuniarum
705 1770 880 1813 civitatis
916 1770 1206 1813 cracoviensis
1238 1780 1277 1811 et
1317 1769 1458 1826 legalis
1492 1769 1636 1812 consul
1670 1770 1871 1820 extiterat,
1903 1779 1944 1812 et

459 1842 491 1883 si
524 1855 572 1883 ex
605 1856 676 1882 sua
708 1841 957 1897 negligentia
990 1840 1031 1882 in
1059 1839 1328 1892 consulendo,
1354 1839 1638 1883 distribuendo
1665 1856 1736 1882 seu
1764 1840 1944 1883 exactio—

459 1927 554 1954 nem
592 1910 843 1954 exsolvendo
876 1912 1033 1969 aliquos
1077 1926 1236 1954 errores
1269 1912 1563 1964 commisisset,
1595 1927 1644 1953 ex
1675 1909 1824 1968 quibus
1865 1911 1945 1968 ipsi

459 1983 612 2025 civitati
638 1982 788 2025 damna
815 1982 945 2038 aliqua
973 1983 1221 2034 evenissent,
1247 1980 1339 2024 ideo
1366 1983 1408 2024 in
1441 1981 1592 2024 horum
1626 1997 1943 2038 recompensam

458 2069 503 2095 ac
531 2052 854 2095 satisfactionem
880 2051 1059 2095 debitam
1083 2052 1263 2109 predicte
1284 2054 1437 2095 civitati
1463 2053 1731 2096 Cracoviensi
1758 2065 1839 2109 500
1865 2051 1944 2096 flo-

460 2139 582 2167 renos
614 2125 699 2166 auri
729 2124 813 2166 veri
840 2122 964 2166 debiti
991 2123 1084 2166 duci
1119 2124 1265 2167 Russie
1299 2135 1508 2166 mutuatos
1540 2135 1579 2166 et
1605 2139 1842 2175 concessos,
1869 2138 1944 2181 pro

459 2194 607 2253 quibus
635 2196 771 2239 Gocze
799 2195 941 2251 Czeyn
974 2195 1178 2251 predictus
1211 2206 1250 2237 et
1284 2195 1486 2238 Martinus
1518 2195 1750 2238 Varschow
1778 2194 1944 2238 fideius-

460 2277 612 2318 serunt‚
645 2277 766 2322 prout
809 2266 849 2307 in
881 2264 1110 2308 eorundem
1143 2265 1317 2322 desuper
1349 2265 1548 2308 confectis
1592 2277 1699 2322 patet
1739 2266 1866 2308 literis
1903 2277 1944 2309 et

459 2335 563 2394 apud
587 2337 815 2378 Henricum
839 2336 1010 2379 Sclmler
1039 2349 1116 2379 100
1141 2352 1281 2389 marc,
1301 2335 1478 2393 predicte
1496 2337 1651 2379 civitati
1673 2337 1942 2380 Cracoviensi

460 2419 656 2465 perpetuo
688 2408 862 2450 contulit
894 2418 1013 2465 atque
1044 2406 1167 2450 dedit.

548 2480 735 2521 Asseruit
767 2480 932 2536 insuper
958 2478 1214 2536 supradictus
1236 2490 1405 2521 testator
1429 2494 1474 2521 ac
1500 2494 1598 2536 pura
1619 2479 1698 2522 fide
1725 2495 1797 2522 sua
1824 2481 1945 2522 certi-

458 2549 691 2592 tudinaliter
712 2548 945 2601 affirmavit,
967 2560 1075 2592 certe
1099 2565 1169 2591 sue
1192 2548 1397 2592 elaborate
1419 2560 1458 2592 et
1477 2549 1630 2591 lucrate
1654 2551 1826 2606 pecunie
1846 2565 1945 2593 nec-

460 2635 542 2663 non
565 2619 821 2677 temporibus
839 2619 1032 2663 divorum
1055 2620 1253 2662 Kazimiri
1271 2630 1310 2662 et
1331 2619 1532 2662 Ludovici
1553 2635 1700 2676 regum
1718 2619 1942 2664 illustrium

558 2803 566 2819 ¹
592 2795 793 2842 Hospitalem
820 2800 950 2829 sanctae
973 2795 1091 2829 Crucis
1118 2795 1268 2829 Boclmae
1286 2795 1448 2840 fundavit
1467 2807 1498 2830 α.
1525 2806 1609 2841 1357
1631 2798 1728 2830 eliam
1757 2796 1862 2831 Italus
1887 2797 1944 2831 Ia-

462 2856 601 2895 ›mensis‚
628 2856 803 2900 suppar-ius
839 2854 1045 2895 Bochnensis,
1072 2854 1205 2900 quidam
1236 2868 1251 2885 α
1270 2853 1450 2888 Peterlinus
1480 2854 1518 2888 de
1553 2854 1711 2889 Ianua».
1743 2854 1794 2900 Cs.
1822 2855 1943 2890 Pieko-

463 2914 580 2955 sinski‚
607 2913 692 2947 Cod.
719 2914 865 2948 Minoris
892 2913 1057 2948 Poloniae
1083 2913 1143 2955 111,
1172 2925 1202 2958 p.
1235 2923 1406 2955 110-111,
1431 2925 1482 2948 nr.
1511 2912 1589 2958 716.
