2201 3554
1089 287 1144 292 —
1178 273 1247 302 x1v
1282 286 1334 289 —

567 378 675 418 1394
715 374 896 417 Ταῖον-υς
924 371 1141 414 florentini
1168 372 1224 413 ius
1251 370 1364 413 civile
1396 370 1563 413 civitatis
1588 368 1826 412 Casimiriae
1849 368 1956 426 apud

476 447 711 490 cracoviam
746 446 949 501 accipiunt,
979 451 1020 500 p.
1050 446 1118 497 87,
1153 457 1214 484 nr.
1243 445 1304 485 81.

589 519 674 559 395
707 515 933 558 Decembris
965 527 1007 569 25
1041 513 1200 556 Romae.
1234 512 1460 571 Bonisacius
1484 519 1551 569 pp.
1576 510 1637 553 IX
1657 526 1681 554 a
1705 511 1886 569 Philippo
1909 510 1954 553 de
1984 554 1987 556 .

476 588 682 638 Guidottis,
717 594 914 642 canipsore
957 584 1203 634 Bononiensi,
1238 597 1352 637 ¹1000
1388 581 1480 639 flor.
1516 591 1681 634 mutuat,
1716 590 1758 639 p.
1795 584 1952 637 87-88,

473 674 531 700 nr.
568 662 632 700 82.

565 732 674 771 1395)
708 727 933 770 Decembris
954 740 998 782 23
1023 726 1182 769 Romae.
1206 725 1433 784 Bonifacins
1451 733 1514 783 pp.
1540 725 1601 767 IX
1621 725 1760 768 Iacobo
1783 725 1828 768 tle
1855 725 1954 767 Gui-

471 801 596 851 ‹lottis,
625 802 665 842 in
699 814 812 853 regno
840 797 1024 840 Poloniac
1057 796 1261 847 collectori,
1287 795 1463 847 mandat,
1490 804 1679 853 quatenns
1702 795 1884 852 Philippo
1911 795 1955 837 de

476 870 670 913 Gnidottis
702 883 814 912 2000
839 867 933 926 flor.
967 867 1010 909 de
1038 866 1289 924 proventibus
1321 881 1498 909 camerac
1520 867 1559 909 in
1583 866 1746 909 Polonia
1775 867 1954 922 assignet,

466 949 508 998 p.
538 944 695 995 88-89,
731 954 791 982 nr.
822 942 881 995 83.

590 1013 676 1053 3915
707 1010 876 1066 Augusti
907 1012 958 1051 28
996 1008 1226 1051 Cracoviae.
1262 1007 1479 1063 Recognitio
1512 1007 1628 1050 debiti
1655 1008 1760 1050 Petri
1791 1007 1957 1066 Geytani

472 1081 636 1124 consulis
672 1080 956 1128 Cracoviensis‚
986 1088 1027 1137 p.
1058 1083 1097 1131 8,
1133 1094 1193 1122 ην.
1224 1094 1261 1134 7.

566 1154 674 1194 1398
707 1151 860 1208 Aprilis
894 1165 939 1206 17
975 1151 1133 1194 Rornae.
1167 1149 1310 1192 Salvas
1343 1149 1548 1192 conductus
1577 1158 1650 1207 pro
1686 1149 1881 1193 Lndovico
1913 1149 1957 1192 de

474 1222 734 1273 Ballionibns,
769 1230 980 1264 mercatore
1013 1221 1213 1272 Perusino,
1250 1220 1302 1263 ad
1329 1229 1462 1278 partes
1494 1220 1680 1263 Poloniae
1713 1229 1745 1262 et
1783 1220 1886 1263 alias
1917 1222 1957 1263 in

473 1295 630 1350 negotiis
663 1308 838 1336 camerae
871 1292 1100 1350 apostolicae⁷
1128 1290 1398 1349 proficiscenti,
1428 1300 1468 1349 p.
1497 1305 1652 1347 90-91‚
1688 1306 1748 1334 nr.
1779 1294 1839 1347 85.

567 1368 675 1407 1398
709 1365 801 1406 Mai
831 1378 874 1420 23
912 1364 1068 1407 Romae.
1104 1363 1329 1420 Bonisacins
1357 1371 1422 1420 pp.
1457 1362 1519 1405 IX
1548 1362 1738 1406 collectori
1770 1364 1811 1406 in
1843 1378 1958 1420 regno

474 1436 658 1479 Poloniao
691 1435 868 1486 mandat,
895 1444 1084 1492 quatenns
1106 1434 1150 1477 de
1171 1435 1425 1492 proventibus
1454 1449 1632 1477 camerae
1661 1433 1892 1492 apostolicae
1918 1435 1959 1477 in

475 1507 640 1550 Polonia
660 1506 869 1549 Francisco
891 1506 934 1548 de
953 1505 1090 1549 Sancto
1109 1505 1291 1548 Severino
1315 1504 1518 1563 1302fl0r.
1538 1506 1718 1561 assignet,
1734 1513 1774 1562 p.
1795 1507 1956 1560 89—90,

475 1592 533 1619 nr.
564 1580 630 1631 84.
1463 1626 1467 1629 =

568 1650 678 1689 1398
712 1648 881 1704 Augusti
912 1650 959 1690 16
996 1647 1228 1690 Cracoviae.
1266 1646 1401 1690 Causa
1434 1648 1531 1689 inter
1562 1646 1887 1705 Christophorum
1915 1646 1960 1690 de

477 1718 656 1761 Ferrara
689 1728 722 1761 et
754 1719 912 1761 Petrum
944 1718 987 1760 cle
1023 1717 1190 1761 Cadano
1224 1717 1394 1768 Italicos,
1425 1726 1466 1774 p.
1495 1721 1534 1769 8,
1570 1733 1630 1760 nr.
1661 1721 1700 1761 8.

567 1792 675 1832 1399
709 1790 815 1832 Maii
847 1805 866 1832 J
890 1790 1049 1833 Romae.
1085 1788 1312 1846 Bonifacias
1331 1797 1400 1846 pp.
1422 1789 1485 1831 IX
1507 1788 1707 1832 Benedicta
1731 1789 1774 1832 de
1798 1789 1958 1841 Bardis,

474 1862 680 1903 mercatori
712 1860 951 1912 Florentino,
986 1859 1153 1902 concedit
1195 1859 1436 1913 facultatem,
1473 1868 1662 1917 quatenus
1702 1860 1753 1903 ab
1790 1861 1960 1919 episcopo

479 1931 805 1975 ll'ladislaviensi
836 1946 942 1987 Ἴ1100
968 1929 1063 1988 flor.
1091 1931 1298 1987 percipiat,
1327 1939 1370 1988 p.
1400 1933 1499 1986 8-9,
1534 1947 1595 1973 nr.
1624 1945 1666 1986 9.

567 2005 677 2045 1399
713 2003 818 2045 Maii
850 2017 897 2058 14
930 2002 1088 2045 Romae.
1123 2001 1323 2054 Albertus,
1358 2001 1493 2045 electas
1518 2002 1811 2057 Poznaniensis,
1838 2004 1962 2046 servi·

478 2076 575 2117 tium
607 2088 804 2116 commane
842 2082 915 2131 per
951 2088 1091 2116 manns
1122 2072 1318 2116 Benedicti
1361 2073 1406 2115 de
1437 2072 1582 2116 Bardis
1626 2082 1659 2115 et
1690 2072 1880 2117 Iohannis
1917 2074 1962 2117 de

477 2144 641 2187 Medicis
672 2144 801 2196 solvit,
831 2153 872 2201 p.
910 2159 949 2197 9,
985 2159 1045 2186 nr.
1081 2159 1144 2187 10.

568 2218 671 2258 1401
710 2215 864 2273 Aprilis
890 2230 940 2271 30
974 2215 1134 2259 Romae.
1168 2215 1399 2272 Bonifacins
1424 2223 1491 2272 pp.
1525 2214 1587 2258 IX
1611 2217 1762 2259 cantori
1792 2216 1964 2259 lVratis-

478 2286 643 2329 laviensi
664 2294 695 2328 et
716 2285 858 2328 decano
875 2284 1165 2328 Praemisliensi
1191 2284 1368 2337 mandat,
1397 2294 1585 2342 quatenns
1605 2287 1820 2344 episcopum
1848 2286 1903 2328 W
1904 2286 1962 2329 la-

477 2356 749 2399 dislaviensem
791 2356 843 2398 ad
887 2356 1162 2399 restitutionem
1205 2370 1311 2411 4100
1349 2354 1444 2413 flor.
1488 2356 1690 2399 Benedicto
1733 2357 1778 2400 de
1817 2357 1963 2401 Bardis

477 2427 691 2470 debitormn
723 2434 872 2483 cogant,
903 2434 944 2483 p.
977 2439 1131 2481 91-93,
1166 2440 1226 2467 nr.
1262 2428 1330 2469 86.

571 2500 680 2541 1402
718 2498 819 2540 lunii
851 2500 875 2540 8
910 2497 1068 2541 Romae.
1102 2496 1313 2554 Episcopus
1349 2497 1406 2539 W
1407 2497 1695 2542 ladislavicnsis
1720 2506 1794 2556 per
1824 2513 1965 2542 manns

481 2570 647 2612 Antonii
678 2568 811 2611 Iacohi
843 2577 875 2611 et
897 2567 1005 2625 Doffi
1033 2567 1077 2610 de
1104 2567 1233 2624 Spinis
1258 2569 1461 2611 servitium
1492 2569 1620 2621 solvit,
1653 2577 1691 2627 p.
1721 2585 1785 2622 10,
1821 2585 1882 2612 nr.
1906 2584 1962 2613 ΙΙ.

571 2642 681 2682 1402
715 2639 810 2682 Iulii
841 2653 892 2694 27
922 2639 1081 2682 Romae.
1115 2638 1327 2696 Episcopus
1353 2639 1571 2683 Culmensis
1593 2648 1664 2698 per
1690 2655 1832 2684 manns
1855 2641 1962 2684 Lau-

479 2712 594 2753 rentii
626 2710 670 2752 cle
702 2709 876 2752 Albertis
906 2710 1107 2752 servitium
1139 2709 1268 2761 solvit,
1296 2718 1338 2767 p.
1373 2725 1437 2763 10,
1472 2726 1532 2752 nr.
1568 2725 1627 2754 12.

571 2784 681 2824 1402
714 2781 808 2823 Iulii
839 2783 891 2823 28
925 2780 1083 2824 Romae.
1117 2780 1327 2838 Episcopus
1354 2780 1572 2825 Culnzensis
1594 2790 1666 2839 per
1693 2796 1834 2825 manns
1855 2782 1964 2826 Lau-

478 2853 591 2895 rentii
621 2851 665 2894 de
698 2851 871 2894 Albertis
901 2852 1101 2894 ser-vitiam
1132 2850 1259 2903 solvit,
1288 2859 1329 2908 p.
1365 2866 1502 2904 IO-II,
1537 2868 1597 2895 nr.
1633 2867 1687 2909 13.
