2201 3554
1099 363 1152 367 —-
1187 350 1282 379 xvul
1319 363 1370 366 —

495 450 533 491 in
566 464 683 492 causa
718 452 815 492 inter
847 450 1063 492 Antonium
1097 450 1327 506 supparium
1361 457 1392 490 e!
1426 448 1640 490 Iohannem
1675 447 1803 499 Banlc,
1828 461 1976 490 merca-

492 529 610 562 torem
648 520 1029 571 ll'ratislaz-iensem,
1062 528 1103 577 p.
1135 534 1271 575 35-41,
1307 534 1367 562 nr.
1401 533 1459 574 52.

585 601 693 640 1429
727 598 879 655 Aprilis
913 600 961 640 16
997 597 1228 640 Cracoviae.
1263 597 1479 653 Recognitio
1512 595 1711 638 consulum
1738 595 1978 638 Cracovien-

490 670 588 710 sium
621 669 664 710 cle
699 669 760 711 lite
794 670 891 711 inter
917 670 1132 711 Antonium
1157 668 1344 710 Iohannis
1366 676 1398 710 et
1422 667 1635 710 Iohannem
1659 666 1773 709 Bank
1795 667 1833 709 in
1857 679 1977 709 causa

491 740 672 781 mersium
711 740 891 782 Venetias
924 739 1199 790 adductarum,
1232 747 1271 795 p.
1306 753 1450 794 ,χΙ-45,
1486 754 1546 780 nr.
1578 753 1634 793 55.

587 819 694 858 1429
725 814 904 859 Octobris
937 829 984 869 19
1024 816 1203 858 Venetiis.
1239 816 1454 870 Recognitio
1488 815 1676 858 Iohannis
1709 814 1752 857 de.
1775 813 1977 857 Baudesen

488 894 561 942 pro
590 894 702 942 parte
736 886 923 928 Iohannis
957 886 1071 928 Banlc
1093 886 1137 928 ale
1165 885 1448 937 [Vrbinia-via,
1471 885 1709 937 mercatoris,
1733 893 1868 928 contra
1890 885 1980 927 An—

494 957 639 999 tonium
674 957 861 999 Iohannis
893 956 937 998 cle
970 956 1186 1008 Florentia,
1216 967 1258 1014 p.
1291 958 1439 1012 45-46,
1469 972 1528 999 nr.
1560 971 1623 1012 54.

587 1036 697 1075 1429
734 1031 914 1075 Octobris
942 1048 988 1087 19
1028 1033 1206 1075 Venetiis.
1249 1032 1529 1075 Testimonium
1564 1032 1712 1076 «Pollo
1746 1033 1790 1075 de
1823 1031 1980 1075 Bartol·

496 1103 652 1146 lamio»
688 1105 726 1146 in
760 1118 878 1146 causa
913 1106 1010 1146 inter
1044 1104 1257 1146 Iohannem
1291 1104 1405 1146 Banlc
1437 1113 1469 1146 et
1514 1104 1750 1146 Michaelem
1790 1103 1980 1146 Iohannis

494 1173 537 1215 cle
571 1173 790 1226 Florentia,
819 1184 861 1232 p.
896 1178 959 1226 61,
998 1190 1058 1218 nr.
1093 1177 1154 1218 6I.

587 1254 696 1294 1429
727 1252 966 1295 Novembris
999 1255 1061 1303 18,
1096 1251 1322 1294 Decembris
1354 1266 1399 1306 14
1437 1251 1474 1293 V
1474 1252 1616 1294 enetiis.
1652 1251 1854 1293 Processus
1878 1251 1979 1292 inter

494 1322 705 1365 Iohannem
740 1323 855 1366 Banlc
886 1324 930 1365 de
967 1323 1231 1366 ll'ratislavia
1263 1332 1297 1365 et
1329 1322 1564 1365 Michnelem.
1599 1321 1787 1365 Iohannis
1813 1321 1858 1364 de
1880 1320 1979 1364 Flo-

494 1395 620 1436 rentia
653 1396 846 1438 occasione
879 1395 1131 1452 quarundam
1164 1395 1364 1446 mercium,
1396 1403 1438 1452 p.
1472 1395 1629 1449 46-48‚
1664 1409 1725 1436 nr.
1754 1407 1810 1449 55.

587 1474 696 1514 1429
730 1472 956 1515 Decembris
988 1487 1035 1528 17
1073 1472 1305 1515 Cracoviae.
1340 1472 1556 1529 Recognitio
1595 1470 1795 1513 consulum
1832 1469 1981 1513 Craco-

493 1542 683 1584 viensinm
716 1544 756 1585 in
790 1557 909 1586 cansa
931 1545 1216 1586 attestationum
1239 1558 1264 1585 a
1284 1541 1459 1585 Iohanne
1480 1541 1596 1584 Banle
1622 1542 1660 1583 V
1658 1542 1789 1585 enetiis
1810 1548 1978 1600 recepta-

494 1627 596 1665 runt,
624 1622 666 1671 p.
699 1618 854 1670 48-49,
889 1630 950 1657 nr.
981 1616 1046 1670 56.

586 1693 699 1734 1430
730 1691 944 1734 Februarii
974 1706 1014 1748 13
1051 1691 1228 1734 Venetiis.
1265 1691 1465 1734 Processns
1498 1692 1597 1733 inter
1622 1689 1838 1733 Iohannem
1865 1689 1981 1734 Bank

493 1760 537 1803 ale
574 1762 838 1805 [Vratislavia
872 1771 903 1805 et
938 1762 1173 1806 Michaelem
1206 1762 1393 1805 Iohannis
1429 1762 1473 1804 de
1512 1762 1700 1804 mercibus
1745 1761 1980 1819 quibusdam

498 1832 676 1876 Venetias
708 1835 847 1885 missis,
876 1843 919 1892 p.
953 1848 1105 1890 49-59,
1137 1849 1200 1877 nr.
1230 1848 1296 1889 57.
1345 1833 1350 1839 '

585 1913 698 1953 1430
731 1911 944 1954 Februarii
966 1926 1009 1967 25
1032 1911 1268 1954 Florentiae,
1292 1911 1455 1954 Senatus
1482 1911 1735 1954 Florentinus
1758 1913 1838 1969 regi
1863 1911 1978 1955 Polo-

494 1981 582 2022 niae
603 1981 820 2024 Gnidonem
843 1982 1030 2025 Iohannis
1047 1983 1091 2025 cle
1109 1982 1313 2025 Florentia
1337 1981 1592 2034 commendat,
1607 1990 1647 2039 p.
1665 1984 1821 2037 59—60‚
1840 1997 1902 2025 nr.
1913 1985 1978 2039 58.

585 2062 696 2101 1430
730 2059 941 2102 Februarii
962 2074 1006 2116 23
1030 2059 1265 2102 Florentiae.
1294 2059 1458 2102 Senatus
1481 2059 1731 2102 Florentinus
1756 2059 1976 2102 Guidonem

492 2128 678 2172 Iohannis
711 2130 943 2173 consiliariis
977 2134 1073 2186 regis
1106 2130 1291 2173 Poloniae
1318 2130 1574 2182 commendat,
1603 2139 1646 2188 p.
1671 2133 1742 2182 60,
1773 2146 1832 2172 nr.
1851 2145 1918 2186 59.

584 2210 696 2249 1430
728 2207 881 2264 Aprilis
910 2223 930 2263 3
968 2207 1200 2251 Cracoviae.
1236 2208 1453 2264 Recognitio
1492 2207 1691 2250 consulum
1739 2206 1978 2251 Cracovien-

491 2278 589 2319 sium
617 2278 661 2320 de
694 2279 1000 2321 attestationibus
1033 2281 1072 2321 in
1105 2293 1223 2321 causa
1256 2292 1338 2333 920
1365 2277 1459 2336 flor.
1494 2294 1520 2321 a
1551 2278 1727 2321 Iohanne
1758 2278 1874 2322 Bank
1903 2279 1975 2322 Ve-

494 2349 602 2390 netiis
638 2350 808 2406 receptis,
837 2357 878 2406 p.
913 2351 1066 2401 60-61‚
1102 2364 1162 2392 nr.
1198 2351 1267 2392 60.

586 2428 698 2468 1430
730 2425 967 2468 Novembris
995 2440 1038 2481 15
1073 2426 1253 2468 Venetiis.
1283 2426 1499 2481 Recognitio
1517 2424 1724 2481 Reginaldi
1745 2425 1913 2469 Altoviti
1933 2426 1978 2470 de

493 2496 696 2539 Florentia
709 2506 782 2554 pro
801 2505 912 2554 parte
936 2498 1102 2540 Antonii
1125 2497 1312 2539 Iohannis
1333 2497 1510 2554 supparii
1537 2496 1822 2549 Cracoviensi5‚
1841 2505 1884 2555 p.
1909 2500 1976 2550 62,

493 2583 553 2609 nr.
587 2570 653 2610 62.

584 2648 695 2688 1430
727 2645 955 2688 Decembris
987 2648 1034 2689 16
1066 2672 1090 2676 —
1119 2648 1225 2688 1431
1264 2645 1450 2688 Ianuarii
1482 2660 1520 2701 15
1558 2644 1738 2688 Venetiis.
1772 2645 1976 2689 Processus

490 2717 587 2759 inter
621 2716 834 2759 Iohannem
867 2716 981 2760 Banl⁷
1012 2717 1056 2759 cle
1093 2717 1358 2760 lVratislavia
1391 2725 1424 2759 et
1456 2716 1691 2759 Michaelem
1720 2716 1910 2761 Iohannis
1931 2718 1976 2760 de

490 2785 706 2838 Florentia,
737 2795 778 2844 p.
813 2789 966 2843 62—72,
1001 2802 1062 2830 nr.
1097 2790 1156 2844 63.

578 2866 681 2905 1431
704 2863 848 2906 Martii
856 2878 877 2919 5
891 2864 1068 2907 Venetiis.
1079 2864 1299 2919 Recognitio
1312 2864 1473 2907 Nicolai
1487 2865 1602 2921 Vagii
1614 2873 1748 2908 contra
1760 2864 1975 2909 Iohannem

491 2933 605 2975 Banlc
619 2933 660 2976 in
674 2947 792 2976 cansa
807 2934 1058 2992 quarundam
1072 2936 1254 2977 mercium
1273 2935 1450 2978 Venetias
1465 2935 1688 2987 missarum,
1702 2943 1741 2993 p.
1753 2949 1816 2989 72,
1830 2951 1892 2980 nr.
1905 2938 1973 2993 64.
