2201 3554
1114 265 1347 308 -38-

485 394 647 421 camera
682 379 722 420 in
761 378 931 434 pecunia
976 388 1190 419 numerata
1223 393 1271 419 ex
1315 378 1449 420 mutui
1483 393 1603 420 causa
1638 379 1882 435 recepimus.
1911 378 1977 422 Id-

484 451 595 492 circo
630 448 868 491 huiusmodi
910 459 1101 491 mutuum
1140 447 1189 490 ab
1227 447 1376 490 eodem
1411 448 1601 505 Philippo
1638 449 1685 491 ad
1724 449 1976 506 singularem

485 536 646 563 camere
691 519 844 576 prefate
887 521 927 561 in
968 520 1268 576 presentiarum
1325 519 1520 561 exhauste
1564 520 1748 576 pecuniis
1800 534 1976 563 onerum

486 590 813 632 subvencionem
840 601 960 646 atque
987 604 1232 631 succursum
1259 590 1500 646 precipuum
1529 589 1648 632 nobis
1677 591 1828 632 merito
1854 591 1980 633 ascri-

485 661 639 713 benteS,
666 673 810 703 tenore
837 661 1089 716 presentium
1126 671 1318 701 mutuum
1348 661 1690 716 recognoscimus
1717 659 1978 717 prelibatum,

484 732 773 788 promittentes
807 730 909 773 infra
945 729 1157 772 biennium
1190 731 1379 787 proxime
1412 729 1687 772 adventurum
1723 729 1858 773 eidem
1880 730 1980 774 Phi-

486 803 596 859 lippo
640 817 710 844 seu
753 803 881 858 ipsius
915 801 1170 858 procuratori
1209 800 1397 857 legitimo
1438 800 1676 844 huiusmodi
1720 801 1978 845 florenorum

486 887 695 915 summam
723 871 772 914 de
805 872 990 927 pecuniis
1024 871 1071 914 ad
1105 870 1255 913 dictam
1285 886 1493 913 cameram
1523 872 1800 928 spectantibus
1821 873 1979 929 integre
2014 931 2017 934 Ι

487 945 644 986 restitui
688 955 727 986 et
770 944 949 1001 persolvi
994 943 1126 986 facere
1169 959 1263 986 cum
1298 943 1459 986 effectu.
1505 944 1659 986 Datum
1708 945 1842 988 Rome
1873 946 1979 1003 apud

487 1026 676 1057 sanctum
704 1015 874 1056 Petrum
916 1027 964 1055 10
999 1013 1192 1056 kalendas
1225 1014 1416 1067 Ianuarii,
1451 1030 1558 1056 anno
1591 1015 1784 1071 septimo.

580 1109 665 1153 Reg.
693 1108 772 1143 Vat.
804 1117 863 1151 315
895 1107 915 1141 f.
948 1118 998 1142 12.
1025 1129 1070 1132 —
1098 1108 1138 1141 Iu
1163 1108 1254 1152 fine:
1283 1109 1334 1142 De
1361 1109 1465 1142 curia.
1499 1129 1541 1133 —-
1583 1109 1630 1143 Io.
1659 1109 1701 1143 de
1735 1109 1904 1144 Bononia.
1941 1131 1982 1134 —

492 1168 710 1203 Valentinus.

577 1302 644 1343 83.
680 1298 909 1342 Bonifacius
923 1307 986 1357 pp.
1020 1299 1087 1341 IX
1119 1298 1256 1342 Iacobo
1278 1299 1322 1341 de.
1346 1298 1558 1350 Gnidutlis,
1581 1300 1620 1340 in
1651 1314 1766 1355 regno
1794 1299 1983 1343 Polom'ae

487 1372 690 1423 collectori,
723 1372 902 1424 mandat,
933 1379 1123 1429 quatenns
1155 1369 1335 1427 Philippo
1367 1371 1411 1412 de.
1446 1370 1646 1413 Gnidottis
1670 1383 1783 1413 2000
1808 1370 1983 1428 floreno-

487 1458 576 1485 rum
610 1443 653 1485 de
680 1442 931 1499 proventibus
963 1455 1137 1484 camerae
1170 1443 1210 1483 in
1244 1441 1412 1484 Polonia
1444 1443 1625 1498 assignet.

1228 1558 1388 1611 Romae,
1421 1572 1474 1613 23
1509 1558 1734 1602 Decembris
1764 1572 1890 1615 1395.

577 1655 815 1697 Bonifacius
860 1665 934 1696 etc.
975 1654 1140 1696 Dilecto
1177 1653 1263 1696 filio
1302 1654 1452 1697 Iacobo
1491 1653 1540 1697 de
1580 1654 1805 1707 Gnidottis,
1850 1655 1982 1697 electo

488 1725 701 1778 Imolensi,
716 1725 994 1768 referendario
1012 1737 1157 1768 nostro
1175 1741 1220 1768 ac
1241 1725 1451 1768 fructuum
1471 1737 1509 1768 et
1522 1737 1802 1783 proventuum
1820 1741 1983 1769 camere

488 1796 714 1852 apostolice
742 1797 783 1838 in
802 1811 931 1853 regno
950 1796 1124 1838 Polonie
1146 1807 1185 1838 et
1202 1796 1412 1838 nonnullis
1439 1797 1529 1839 aliis
1547 1796 1729 1853 partibus
1746 1795 1983 1840 debitorum

489 1867 716 1919 collectori,
735 1867 909 1910 salutem
933 1878 1009 1910 etc.
1033 1868 1176 1924 Nuper
1199 1883 1219 1909 a
1242 1867 1392 1910 dilecto
1415 1866 1501 1910 filio
1519 1867 1710 1925 Philippo
1733 1867 1782 1910 de
1806 1867 1984 1912 Guidot—

488 1939 554 1990 tis,
581 1939 671 1980 cive
697 1949 736 1981 et
763 1953 980 1994 campsore
1004 1938 1274 1991 Bononiensi,
1303 1953 1373 1995 per
1406 1954 1554 1980 manus
1582 1937 1850 1996 [dilectorum
1876 1937 1985 1981 filio—

490 2023 584 2051 rum
619 2008 732 2051 Doffi
760 2010 809 2052 de
849 2009 985 2065 Spinis
1018 2021 1058 2052 et
1092 2009 1299 2052 Benedicti
1333 2009 1382 2052 de
1415 2008 1572 2061 BardiS,
1606 2010 1707 2052 socii
1740 2008 1877 2052 dilecti
1909 2009 1983 2052 filii

489 2079 685 2122 Iohannis
718 2078 767 2122 de
807 2079 996 2130 Medicis,
1030 2081 1260 2136 campsoris
1293 2080 1536 2133 Florenfini,
1570 2081 1611 2122 in
1650 2081 1839 2124 Romana
1872 2081 1984 2123 curia

489 2150 772 2204 residentium,
796 2149 915 2193 nobis
938 2161 978 2193 et
1001 2165 1163 2193 camere
1187 2151 1411 2207 apostolice
1438 2152 1565 2208 ipsius
1600 2151 1777 2208 Philippi
1810 2152 1983 2194 nomine
2034 2207 2037 2209 ‚

489 2221 814 2278 persolventium
848 2237 923 2278 pro
956 2221 1269 2264 necessitatibus
1302 2220 1407 2264 dicte
1452 2237 1614 2264 camere
1648 2220 1984 2266 incumbentibus

490 2305 604 2348 4ooo
649 2292 795 2335 floren.
829 2292 916 2334 auri
949 2292 998 2334 de
1033 2307 1196 2335 camera
1229 2293 1269 2334 in
1310 2293 1481 2348 pecunia
1515 2303 1728 2334 numerata
1762 2308 1812 2334 ex
1849 2292 1983 2335 mutui

490 2363 629 2421 causa]
651 2372 660 2389 ¹
708 2364 938 2420 recepimus
971 2379 1016 2405 ac
1056 2364 1329 2420 promisimus
1361 2362 1507 2406 deinde
1540 2363 1587 2406 acl
1629 2363 1842 2406 biennium
1885 2374 1983 2406 tunc

490 2435 683 2491 proximo
722 2434 997 2477 adventurum
1042 2434 1176 2477 eidem
1223 2434 1415 2491 Philippo
1449 2450 1518 2476 seu
1559 2435 1687 2491 ipsius
1725 2434 1984 2491 procuratori

490 2504 678 2561 legitimo
702 2504 941 2547 huiusmodi
964 2504 1224 2547 florenorum
1249 2520 1461 2547 summam
1481 2504 1531 2547 de
1553 2506 1737 2562 pecuniis
1756 2505 1805 2548 ad
1828 2504 1983 2548 dictam
2036 2564 2038 2566 .

490 2591 697 2618 cameram
733 2575 1011 2633 spectantibus
1045 2577 1203 2633 integre
1243 2577 1402 2619 restitui
1435 2588 1474 2619 et
1506 2577 1686 2633 persolvi
1720 2576 1853 2619 facere
1885 2591 1982 2619 cum

489 2646 654 2698 effectu,
687 2660 809 2704 prout
851 2648 892 2689 in
926 2648 1080 2690 nostris
1113 2647 1258 2690 litteris
1289 2646 1384 2690 inde
1417 2647 1616 2690 confectis
1656 2648 1818 2705 plenius
1850 2648 1985 2691 conti-

490 2728 622 2759 netur.
642 2718 733 2760 Nos
760 2718 944 2760 volentes
979 2719 1178 2775 premissa
1199 2718 1334 2761 debite
1352 2717 1587 2771 observare,
1605 2734 1649 2761 ac
1674 2719 1798 2761 etiam
1821 2718 1985 2761 effectui

587 2879 594 2895 1
618 2871 695 2906 MS.
721 2880 788 2906 etc.
819 2880 855 2906 ut
878 2872 912 2905 in
941 2873 1101 2917 proxima
1130 2883 1254 2918 usque:
1282 2873 1489 2918 recepimus.
