2201 3554
1115 286 1350 327 —50„.„

489 399 765 440 rccomissum
794 410 832 441 et
856 399 895 440 in
917 397 1038 440 rebus
1061 413 1105 440 ac
1129 397 1307 454 negotiis
1330 397 1414 438 suis
1438 405 1675 452 promptam
1696 409 1742 436 ac
1765 391 1975 436 liberalem

488 470 664 525 gratiam
688 469 1065 525 benignitatemque
1098 469 1154 511 illi
1187 468 1400 525 impartiri.
1430 465 1559 519 Quod
1591 466 1668 508 erit
1706 464 1826 508 nobis
1848 464 1975 522 gratia

489 540 719 597 singularis.
755 540 910 582 Datum
945 539 1151 582 Florentie
1183 538 1247 582 die
1282 551 1331 594 23
1372 537 1580 580 Februarii
1619 549 1741 593 1429.
1763 544 1773 562 ¹

585 634 793 674 Florentiae,
821 635 989 669 Archivio
1016 634 1049 668 di
1076 634 1185 676 Stato,
1211 634 1383 679 Signoria‚
1411 632 1564 674 Missive,
1590 632 1618 665 1³
1645 631 1813 673 Cancell.,
1839 641 1910 677 reg.
1937 639 1978 674 32

490 705 520 727 c.
558 694 650 738 183v.

579 813 648 854 59.
683 811 850 854 Senatus
878 810 1129 854 Florentium
1152 810 1373 854 Gnidonem
1396 810 1588 853 Iohannis
1614 807 1848 852 consiliariis
1879 808 1980 866 regis

492 880 676 924 Polonicw
709 881 964 924 commendat.

1167 940 1400 993 Florentiae,
1431 953 1482 995 23
1519 939 1730 984 Februarii
1763 953 1890 996 1430.

581 1035 772 1078 Consilio
785 1036 887 1078 eius.
902 1034 1134 1079 Reverendi
1152 1050 1196 1078 ac
1215 1035 1427 1092 magnifici
1444 1033 1604 1078 domini
1622 1035 1744 1092 amici
1762 1035 1980 1078 carissimi.

492 1106 738 1163 Negotiatur
766 1107 807 1148 in
830 1121 959 1163 regno
983 1105 1157 1149 Polonie
1179 1105 1352 1149 dilectus
1375 1107 1476 1149 civis
1503 1117 1643 1149 noster
1671 1103 1810 1150 Guido
1832 1105 1982 1148 Iohan-

493 1178 556 1219 nis
589 1192 654 1219 ser
687 1177 846 1230 Mattei,
869 1178 933 1219 vir
955 1176 1066 1220 bono
1089 1192 1239 1234 genere
1264 1175 1466 1235 bonisque
1488 1176 1724 1235 parentibus
1749 1177 1791 1220 in
1817 1176 1982 1220 civitate

493 1261 633 1292 nostra
660 1259 829 1291 exortus
856 1259 895 1290 et
928 1248 1149 1305 reipublice
1191 1260 1331 1292 nostre
1370 1247 1596 1292 admodum
1630 1259 1833 1306 acceptus.
1869 1248 1982 1291 Cum

494 1320 618 1376 igitur
650 1319 793 1362 civitas
825 1329 966 1361 nostra
1009 1334 1104 1376 erga
1132 1320 1448 1362 serenissimum
1480 1320 1725 1377 principem,
1758 1318 1982 1362 dominum

494 1404 636 1446 regem
659 1389 847 1442 Polonie,
866 1404 1030 1447 semper
1053 1388 1174 1433 fuerit
1197 1390 1387 1447 precipua
1413 1389 1635 1433 dilectione
1657 1389 1802 1432 affecta
1824 1399 1864 1432 et
1885 1403 1984 1446 erga

494 1476 685 1517 proceres
711 1472 750 1503 et
773 1460 966 1503 homines
1000 1462 1113 1518 regni
1147 1461 1275 1518 ipsius
1307 1462 1540 1514 universos,
1574 1459 1820 1504 reverendas
1846 1458 1985 1504 domi-

495 1534 683 1575 nationes
709 1543 865 1575 vestras
888 1547 1119 1590 precamur,
1142 1544 1186 1575 ut
1208 1544 1354 1576 nostro
1380 1534 1530 1576 intuitu
1557 1533 1694 1590 ipsum
1729 1531 1984 1585 Guidonem,

496 1604 633 1646 civem
650 1613 841 1646 nostrum
865 1614 903 1645 et
926 1602 1045 1645 nobis
1061 1601 1165 1646 bene
1183 1614 1411 1660 acceptum,
1435 1602 1583 1646 habere
1605 1603 1741 1646 velitis
1761 1604 1804 1646 in
1825 1603 1984 1646 cunctis

496 1675 674 1731 negotiis
693 1674 777 1716 suis
790 1689 835 1716 ac
852 1672 974 1716 rebus
987 1673 1155 1730 agendis
1171 1672 1448 1717 favorabiliter
1466 1674 1805 1726 recommissum,
1823 1673 1984 1731 ipsique

497 1745 792 1802 benignitatem
815 1756 853 1787 et
876 1745 1048 1802 gratiam
1073 1755 1253 1787 vestram
1276 1744 1442 1787 uberius
1475 1745 1690 1802 impartiri.
1715 1744 1844 1797 Quod
1867 1743 1984 1788 cedet
2023 1792 2030 1801 .

497 1816 616 1859 nobis
649 1815 697 1859 ad
729 1816 923 1873 placitum
957 1816 1178 1874 singulare.
1213 1816 1369 1859 Datum
1401 1827 1446 1858 ut
1478 1831 1613 1873 supra.

591 1911 798 1953 Florentiae,
825 1911 995 1945 Archivio
1021 1912 1055 1945 di
1081 1911 1190 1953 Stato‚
1211 1911 1383 1958 Signoria,
1409 1911 1563 1953 Missive,
1590 1912 1618 1945 1²
1644 1911 1811 1954 Cancen„
1837 1923 1911 1958 reg.
1943 1921 1984 1957 32

499 1970 519 2005 f.
552 1971 738 2015 ιδῃ-184.

589 2108 657 2149 60.
691 2105 912 2162 Recognilio
950 2105 1153 2148 consulum
1188 2106 1356 2148 civitatis
1401 2105 1668 2148 cracoviensis
1699 2106 1744 2148 de.
1774 2106 1988 2150 attestatio-

501 2176 614 2220 nibus
640 2178 682 2219 in
709 2191 826 2220 cansa
852 2190 938 2233 920
957 2176 1202 2234 florenorum
1230 2191 1254 2219 a
1279 2176 1456 2220 Iohanne¹
1483 2175 1598 2220 Bank
1629 2176 1665 2218 V
1664 2177 1797 2220 enetiis
1817 2178 1985 2236 receptis.

1261 2283 1488 2336 Cracoviae,
1523 2295 1545 2338 3
1580 2282 1736 2341 Aprilis
1770 2297 1823 2339 14
1829 2296 1896 2339 30.

590 2379 684 2421 Wir
702 2389 916 2421 ratmanne
937 2378 1008 2421 der
1030 2389 1109 2420 stat
1132 2378 1309 2422 Cracow
1328 2377 1543 2421 bekennen
1567 2377 1785 2432 offintlich,
1812 2377 1884 2422 daz
1910 2393 1989 2425 vot
2024 2379 2027 2383 ’

501 2451 637 2492 unsirs
679 2450 776 2492 ratis
811 2449 1175 2506 keyginwortikeit
1217 2449 1372 2491 komen
1410 2464 1514 2506 seyn
1554 2448 1610 2506 dy
1651 2450 1855 2493 ersamen'
1885 2449 1988 2493 hern

502 2520 574 2564 her
591 2520 733 2563 Michil
748 2536 833 2563 von
849 2520 921 2563 der
935 2519 1069 2564 Czirle
1087 2519 1224 2563 andirs
1242 2519 1520 2577 Langmichil,
1534 2520 1726 2564 Dithrich
1740 2521 1988 2578 Weynrich,

500 2591 705 2634 lohannes
749 2591 1040 2648 Sweydniczer
1081 2589 1165 2634 und
1209 2591 1527 2634 Bartholomeus
1565 2590 1885 2649 landschreyber
1915 2591 1988 2636 des

502 2662 757 2706 Crakischen
780 2662 910 2705 landis
932 2662 990 2705 als
1011 2661 1341 2705 vorrichtslewte
1362 2660 1445 2705 und
1472 2661 1546 2704 her
1567 2663 1691 2719 Jorge
1717 2662 1882 2706 Swarcz
1905 2662 1988 2706 und

502 2733 574 2775 her
598 2733 724 2776 Claus
747 2734 951 2790 Kesinger
974 2748 1063 2776 sam
1085 2732 1144 2792 (5)
1171 2732 1360 2775 obirman
1382 2732 1543 2790 gekorn
1565 2748 1649 2775 von
1678 2733 1780 2776 hern
1801 2735 1988 2777 Antonio

599 2895 606 2911 ¹
637 2888 819 2922 Secundum
849 2893 995 2922 nostrum
1022 2888 1248 2922 calendarium
1278 2898 1320 2931 23
1336 2914 1343 2921 .
1359 2887 1401 2922 II
1414 2915 1421 2922 .
1440 2898 1539 2933 1430.
