<?xml version="1.0" encoding="UTF-8"?>
<!DOCTYPE html PUBLIC "-//W3C//DTD XHTML 1.0 Transitional//EN"
    "http://www.w3.org/TR/xhtml1/DTD/xhtml1-transitional.dtd">
<html xmlns="http://www.w3.org/1999/xhtml" xml:lang="en" lang="en">
 <head>
  <title>
</title>
<meta http-equiv="Content-Type" content="text/html;charset=utf-8" />
  <meta name='ocr-system' content='tesseract 3.04.00' />
  <meta name='ocr-capabilities' content='ocr_page ocr_carea ocr_par ocr_line ocrx_word'/>
</head>
<body>
  <div class='ocr_page' id='page_1' title='image "./italiamercatoria00ptanuoft/italiamercatoria00ptanuoft_0031.png"; bbox 0 0 2201 3554; ppageno 0'>
   <div class='ocr_carea' id='block_1_1' title="bbox 915 376 931 401">
    <p class='ocr_par' dir='ltr' id='par_1_1' title="bbox 915 376 931 401">
     <span class='ocr_line' id='line_1_1' title="bbox 915 376 931 401; baseline 0 0"><span class='ocrx_word' id='word_1_1' title='bbox 915 376 931 401; x_wconf 88' lang='lat'><em>)</em></span> 
     </span>
    </p>
   </div>
   <div class='ocr_carea' id='block_1_2' title="bbox 183 451 1671 616">
    <p class='ocr_par' dir='ltr' id='par_1_2' title="bbox 183 451 1671 616">
     <span class='ocr_line' id='line_1_2' title="bbox 185 451 1665 498; baseline 0.001 -12"><span class='ocrx_word' id='word_1_2' title='bbox 185 452 260 487; x_wconf 78' lang='lat' dir='ltr'>MS.</span> <span class='ocrx_word' id='word_1_3' title='bbox 281 453 302 487; x_wconf 81' lang='lat' dir='ltr'>s.</span> <span class='ocrx_word' id='word_1_4' title='bbox 325 451 503 497; x_wconf 75' lang='lat'>196&#39;-197.</span> <span class='ocrx_word' id='word_1_5' title='bbox 523 474 568 478; x_wconf 97' lang='lat'><strong>—</strong></span> <span class='ocrx_word' id='word_1_6' title='bbox 587 453 697 487; x_wconf 83' lang='lat' dir='ltr'>Rome</span> <span class='ocrx_word' id='word_1_7' title='bbox 716 464 767 498; x_wconf 83' lang='lat' dir='ltr'>ap.</span> <span class='ocrx_word' id='word_1_8' title='bbox 789 464 814 487; x_wconf 81' lang='lat' dir='ltr'>s,</span> <span class='ocrx_word' id='word_1_9' title='bbox 834 453 868 486; x_wconf 89' lang='lat' dir='ltr'>P.</span> <span class='ocrx_word' id='word_1_10' title='bbox 890 452 969 486; x_wconf 71' lang='lat' dir='ltr'>VIII</span> <span class='ocrx_word' id='word_1_11' title='bbox 993 453 1067 486; x_wconf 86' lang='lat' dir='ltr'>idus</span> <span class='ocrx_word' id='word_1_12' title='bbox 1086 452 1296 486; x_wconf 71' lang='lat' dir='ltr'>Novembris</span> <span class='ocrx_word' id='word_1_13' title='bbox 1315 452 1535 498; x_wconf 77' lang='lat' dir='ltr'>pontificatus</span> <span class='ocrx_word' id='word_1_14' title='bbox 1557 454 1665 487; x_wconf 82' lang='lat' dir='ltr'>nostri</span> 
     </span>
     <span class='ocr_line' id='line_1_3' title="bbox 183 511 1671 558; baseline -0.001 -12"><span class='ocrx_word' id='word_1_15' title='bbox 183 523 276 546; x_wconf 86' lang='lat' dir='ltr'>anno</span> <span class='ocrx_word' id='word_1_16' title='bbox 302 512 465 553; x_wconf 89' lang='lat' dir='ltr'>secundo,</span> <span class='ocrx_word' id='word_1_17' title='bbox 491 524 571 558; x_wconf 72' lang='lat' dir='ltr'>quae</span> <span class='ocrx_word' id='word_1_18' title='bbox 597 517 704 546; x_wconf 71' lang='lat' dir='ltr'>tamen</span> <span class='ocrx_word' id='word_1_19' title='bbox 739 511 862 545; x_wconf 76' lang='lat' dir='ltr'><em>litterae</em></span> <span class='ocrx_word' id='word_1_20' title='bbox 893 516 969 545; x_wconf 82' lang='lat' dir='ltr'>sunt</span> <span class='ocrx_word' id='word_1_21' title='bbox 993 511 1186 545; x_wconf 67' lang='lat' dir='ltr'>cancellatae</span> <span class='ocrx_word' id='word_1_22' title='bbox 1212 515 1242 544; x_wconf 79' lang='lat' dir='ltr'>et</span> <span class='ocrx_word' id='word_1_23' title='bbox 1266 513 1298 544; x_wconf 84' lang='grc' dir='ltr'>ιίι</span> <span class='ocrx_word' id='word_1_24' title='bbox 1335 513 1485 557; x_wconf 76' lang='lat' dir='ltr'><em>margine</em></span> <span class='ocrx_word' id='word_1_25' title='bbox 1517 512 1592 545; x_wconf 84' lang='lat' dir='ltr'>talis</span> <span class='ocrx_word' id='word_1_26' title='bbox 1625 516 1671 545; x_wconf 72' lang='lat' dir='ltr'>est</span> 
     </span>
     <span class='ocr_line' id='line_1_4' title="bbox 183 569 1590 616; baseline 0.001 -13"><span class='ocrx_word' id='word_1_27' title='bbox 183 570 367 605; x_wconf 79' lang='lat' dir='ltr'><em>adnotatio:</em></span> <span class='ocrx_word' id='word_1_28' title='bbox 392 570 594 605; x_wconf 83' lang='lat' dir='ltr'>Cancellata</span> <span class='ocrx_word' id='word_1_29' title='bbox 621 571 699 616; x_wconf 74' lang='lat' dir='ltr'>quia</span> <span class='ocrx_word' id='word_1_30' title='bbox 727 570 913 604; x_wconf 79' lang='lat' dir='ltr'>reformata</span> <span class='ocrx_word' id='word_1_31' title='bbox 942 578 1040 615; x_wconf 86' lang='lat' dir='ltr'>prout</span> <span class='ocrx_word' id='word_1_32' title='bbox 1068 569 1209 604; x_wconf 83' lang='lat' dir='ltr'>inferius</span> <span class='ocrx_word' id='word_1_33' title='bbox 1236 579 1387 616; x_wconf 80' lang='lat' dir='ltr'>apparet.</span> <span class='ocrx_word' id='word_1_34' title='bbox 1416 570 1590 605; x_wconf 72' lang='lat' dir='ltr'>Nicolaus.</span> 
     </span>
    </p>
   </div>
   <div class='ocr_carea' id='block_1_3' title="bbox 179 652 1674 2296">
    <p class='ocr_par' dir='ltr' id='par_1_3' title="bbox 184 652 1672 851">
     <span class='ocr_line' id='line_1_5' title="bbox 271 652 1668 710; baseline -0.001 -14"><span class='ocrx_word' id='word_1_35' title='bbox 271 655 311 696; x_wconf 87' lang='lat'>3.</span> <span class='ocrx_word' id='word_1_36' title='bbox 341 652 572 709; x_wconf 78' lang='lat' dir='ltr'>Bonifacius</span> <span class='ocrx_word' id='word_1_37' title='bbox 598 661 663 710; x_wconf 73' lang='lat' dir='ltr'>pp.</span> <span class='ocrx_word' id='word_1_38' title='bbox 693 652 758 694; x_wconf 77' lang='lat' dir='ltr'>IX</span> <span class='ocrx_word' id='word_1_39' title='bbox 784 652 1050 708; x_wconf 75' lang='lat' dir='ltr'>Dobrogoslio,</span> <span class='ocrx_word' id='word_1_40' title='bbox 1079 653 1244 709; x_wconf 69' lang='lat' dir='ltr'>episcopo</span> <span class='ocrx_word' id='word_1_41' title='bbox 1279 653 1545 708; x_wconf 51' lang='lat' dir='ltr'>Poqnaniensi</span> <span class='ocrx_word' id='word_1_42' title='bbox 1569 661 1599 695; x_wconf 83' lang='lat' dir='ltr'>e!</span> <span class='ocrx_word' id='word_1_43' title='bbox 1630 654 1668 694; x_wconf 77' lang='lat'>1&#39;11</span> 
     </span>
     <span class='ocr_line' id='line_1_6' title="bbox 184 722 1672 780; baseline -0.001 -14"><span class='ocrx_word' id='word_1_44' title='bbox 184 722 349 766; x_wconf 78' lang='lat' dir='ltr'>Polonia</span> <span class='ocrx_word' id='word_1_45' title='bbox 391 723 593 774; x_wconf 74' lang='lat' dir='ltr'>collectori,</span> <span class='ocrx_word' id='word_1_46' title='bbox 630 723 807 774; x_wconf 76' lang='lat' dir='ltr'>mandat,</span> <span class='ocrx_word' id='word_1_47' title='bbox 843 732 1032 780; x_wconf 65' lang='lat' dir='ltr'>qnatenus</span> <span class='ocrx_word' id='word_1_48' title='bbox 1072 738 1201 765; x_wconf 75' lang='lat' dir='ltr'>omnes</span> <span class='ocrx_word' id='word_1_49' title='bbox 1238 724 1424 780; x_wconf 67' lang='lat' dir='ltr'>pecunias</span> <span class='ocrx_word' id='word_1_50' title='bbox 1457 723 1595 765; x_wconf 74' lang='lat' dir='ltr'>Laudo</span> <span class='ocrx_word' id='word_1_51' title='bbox 1627 724 1672 765; x_wconf 76' lang='lat' dir='ltr'>de</span> 
     </span>
     <span class='ocr_line' id='line_1_7' title="bbox 185 794 871 851; baseline -0.003 -13"><span class='ocrx_word' id='word_1_52' title='bbox 185 794 452 845; x_wconf 76' lang='lat' dir='ltr'>Morconilms,</span> <span class='ocrx_word' id='word_1_53' title='bbox 484 795 661 844; x_wconf 79' lang='lat' dir='ltr'>Lucano,</span> <span class='ocrx_word' id='word_1_54' title='bbox 691 796 871 851; x_wconf 72' lang='lat' dir='ltr'>assignet.</span> 
     </span>
    </p>

    <p class='ocr_par' dir='ltr' id='par_1_4' title="bbox 938 878 1582 934">
     <span class='ocr_line' id='line_1_8' title="bbox 938 878 1582 934; baseline 0 -14"><span class='ocrx_word' id='word_1_55' title='bbox 938 878 1104 929; x_wconf 65' lang='lat' dir='ltr'>Perusii,</span> <span class='ocrx_word' id='word_1_56' title='bbox 1141 880 1166 920; x_wconf 74' lang='lat' dir='ltr'><em>S</em></span> <span class='ocrx_word' id='word_1_57' title='bbox 1200 878 1422 920; x_wconf 72' lang='lat' dir='ltr'><em>Decembris</em></span> <span class='ocrx_word' id='word_1_58' title='bbox 1458 892 1582 934; x_wconf 73' lang='lat'><em>1392.</em></span> 
     </span>
    </p>

    <p class='ocr_par' dir='ltr' id='par_1_5' title="bbox 179 958 1674 2296">
     <span class='ocr_line' id='line_1_9' title="bbox 274 958 1672 1018; baseline 0.001 -16"><span class='ocrx_word' id='word_1_59' title='bbox 274 958 509 1002; x_wconf 87' lang='lat' dir='ltr'>Bonifacius</span> <span class='ocrx_word' id='word_1_60' title='bbox 531 971 607 1002; x_wconf 89' lang='lat' dir='ltr'>etc.</span> <span class='ocrx_word' id='word_1_61' title='bbox 632 958 866 1002; x_wconf 68' lang='lat' dir='ltr'>Venerabili</span> <span class='ocrx_word' id='word_1_62' title='bbox 892 959 1003 1002; x_wconf 89' lang='lat' dir='ltr'>fratri</span> <span class='ocrx_word' id='word_1_63' title='bbox 1027 959 1328 1017; x_wconf 80' lang='lat' dir='ltr'>Dobrogostio‚</span> <span class='ocrx_word' id='word_1_64' title='bbox 1350 962 1544 1018; x_wconf 78' lang='lat' dir='ltr'>episcopo</span> <span class='ocrx_word' id='word_1_65' title='bbox 1570 961 1672 1003; x_wconf 83' lang='lat' dir='ltr'>Poz-</span> 
     </span>
     <span class='ocr_line' id='line_1_10' title="bbox 184 1030 1672 1088; baseline 0.001 -15"><span class='ocrx_word' id='word_1_66' title='bbox 184 1031 383 1082; x_wconf 88' lang='lat' dir='ltr'>naniensi‚</span> <span class='ocrx_word' id='word_1_67' title='bbox 416 1031 457 1073; x_wconf 89' lang='lat' dir='ltr'>in</span> <span class='ocrx_word' id='word_1_68' title='bbox 500 1045 630 1088; x_wconf 79' lang='lat' dir='ltr'>regno</span> <span class='ocrx_word' id='word_1_69' title='bbox 673 1031 846 1073; x_wconf 88' lang='lat' dir='ltr'>Polonie</span> <span class='ocrx_word' id='word_1_70' title='bbox 883 1030 1091 1073; x_wconf 89' lang='lat' dir='ltr'>fructuum</span> <span class='ocrx_word' id='word_1_71' title='bbox 1126 1044 1165 1074; x_wconf 90' lang='lat' dir='ltr'>et</span> <span class='ocrx_word' id='word_1_72' title='bbox 1198 1042 1475 1088; x_wconf 68' lang='lat' dir='ltr'>proventuum</span> <span class='ocrx_word' id='word_1_73' title='bbox 1509 1047 1672 1074; x_wconf 80' lang='lat' dir='ltr'>camere</span> 
     </span>
     <span class='ocr_line' id='line_1_11' title="bbox 183 1101 1672 1159; baseline 0.001 -15"><span class='ocrx_word' id='word_1_74' title='bbox 183 1101 407 1159; x_wconf 88' lang='lat' dir='ltr'>apostolice</span> <span class='ocrx_word' id='word_1_75' title='bbox 439 1101 674 1145; x_wconf 85' lang='lat' dir='ltr'>debitorum</span> <span class='ocrx_word' id='word_1_76' title='bbox 708 1102 935 1153; x_wconf 86' lang='lat' dir='ltr'>collectori,</span> <span class='ocrx_word' id='word_1_77' title='bbox 963 1102 1136 1145; x_wconf 87' lang='lat' dir='ltr'>salutem</span> <span class='ocrx_word' id='word_1_78' title='bbox 1171 1113 1247 1144; x_wconf 88' lang='lat' dir='ltr'>etc.</span> <span class='ocrx_word' id='word_1_79' title='bbox 1277 1103 1386 1146; x_wconf 87' lang='lat' dir='ltr'>Cum</span> <span class='ocrx_word' id='word_1_80' title='bbox 1420 1102 1591 1146; x_wconf 87' lang='lat' dir='ltr'>dilectus</span> <span class='ocrx_word' id='word_1_81' title='bbox 1625 1103 1672 1145; x_wconf 83' lang='lat' dir='ltr'>fi-</span> 
     </span>
     <span class='ocr_line' id='line_1_12' title="bbox 183 1171 1670 1225; baseline 0.001 -11"><span class='ocrx_word' id='word_1_82' title='bbox 183 1172 261 1215; x_wconf 89' lang='lat' dir='ltr'>lius</span> <span class='ocrx_word' id='word_1_83' title='bbox 298 1171 446 1215; x_wconf 89' lang='lat' dir='ltr'>nobilis</span> <span class='ocrx_word' id='word_1_84' title='bbox 479 1173 542 1215; x_wconf 75' lang='lat' dir='ltr'>vir</span> <span class='ocrx_word' id='word_1_85' title='bbox 575 1172 739 1215; x_wconf 88' lang='lat' dir='ltr'>Landus</span> <span class='ocrx_word' id='word_1_86' title='bbox 771 1171 821 1215; x_wconf 89' lang='lat' dir='ltr'>de</span> <span class='ocrx_word' id='word_1_87' title='bbox 853 1172 1140 1224; x_wconf 64' lang='lat' dir='ltr'>Mon-onibus,</span> <span class='ocrx_word' id='word_1_88' title='bbox 1174 1172 1419 1215; x_wconf 69' lang='lat' dir='ltr'>domicellus</span> <span class='ocrx_word' id='word_1_89' title='bbox 1466 1173 1670 1225; x_wconf 80' lang='lat' dir='ltr'>Lucanus,</span> 
     </span>
     <span class='ocr_line' id='line_1_13' title="bbox 183 1243 1672 1300; baseline 0.001 -16"><span class='ocrx_word' id='word_1_90' title='bbox 183 1243 223 1285; x_wconf 92' lang='lat' dir='ltr'>in</span> <span class='ocrx_word' id='word_1_91' title='bbox 250 1243 415 1285; x_wconf 83' lang='lat' dir='ltr'>civitate</span> <span class='ocrx_word' id='word_1_92' title='bbox 437 1254 577 1286; x_wconf 84' lang='lat' dir='ltr'>nostra</span> <span class='ocrx_word' id='word_1_93' title='bbox 605 1243 867 1286; x_wconf 86' lang='lat' dir='ltr'>Perusinensi</span> <span class='ocrx_word' id='word_1_94' title='bbox 894 1244 1062 1300; x_wconf 88' lang='lat' dir='ltr'>eiusque</span> <span class='ocrx_word' id='word_1_95' title='bbox 1090 1244 1289 1286; x_wconf 85' lang='lat' dir='ltr'>comitatu</span> <span class='ocrx_word' id='word_1_96' title='bbox 1319 1254 1357 1285; x_wconf 90' lang='lat' dir='ltr'>et</span> <span class='ocrx_word' id='word_1_97' title='bbox 1383 1243 1570 1286; x_wconf 88' lang='lat' dir='ltr'>districto</span> <span class='ocrx_word' id='word_1_98' title='bbox 1598 1259 1672 1300; x_wconf 91' lang='lat' dir='ltr'>pro</span> 
     </span>
     <span class='ocr_line' id='line_1_14' title="bbox 182 1312 1670 1368; baseline 0.001 -13"><span class='ocrx_word' id='word_1_99' title='bbox 182 1312 303 1356; x_wconf 90' lang='lat' dir='ltr'>nobis</span> <span class='ocrx_word' id='word_1_100' title='bbox 329 1324 368 1355; x_wconf 90' lang='lat' dir='ltr'>et</span> <span class='ocrx_word' id='word_1_101' title='bbox 401 1313 590 1357; x_wconf 82' lang='lat' dir='ltr'>Romana</span> <span class='ocrx_word' id='word_1_102' title='bbox 617 1314 786 1356; x_wconf 86' lang='lat' dir='ltr'>ecclesia</span> <span class='ocrx_word' id='word_1_103' title='bbox 822 1314 1115 1368; x_wconf 79' lang='lat' dir='ltr'>thesaurarius,</span> <span class='ocrx_word' id='word_1_104' title='bbox 1141 1314 1190 1357; x_wconf 88' lang='lat' dir='ltr'>de</span> <span class='ocrx_word' id='word_1_105' title='bbox 1217 1313 1380 1357; x_wconf 90' lang='lat' dir='ltr'>cambio</span> <span class='ocrx_word' id='word_1_106' title='bbox 1409 1326 1670 1358; x_wconf 84' lang='lat' dir='ltr'>monetarum</span> 
     </span>
     <span class='ocr_line' id='line_1_15' title="bbox 182 1383 1671 1442; baseline 0.001 -16"><span class='ocrx_word' id='word_1_107' title='bbox 182 1398 278 1426; x_wconf 89' lang='lat' dir='ltr'>cum</span> <span class='ocrx_word' id='word_1_108' title='bbox 298 1383 490 1441; x_wconf 83' lang='lat' dir='ltr'>gentibus</span> <span class='ocrx_word' id='word_1_109' title='bbox 512 1399 675 1427; x_wconf 83' lang='lat' dir='ltr'>camere</span> <span class='ocrx_word' id='word_1_110' title='bbox 702 1396 842 1427; x_wconf 85' lang='lat' dir='ltr'>nostre</span> <span class='ocrx_word' id='word_1_111' title='bbox 869 1386 1165 1442; x_wconf 81' lang='lat' dir='ltr'>composuerit,</span> <span class='ocrx_word' id='word_1_112' title='bbox 1189 1396 1232 1427; x_wconf 88' lang='lat' dir='ltr'>ut</span> <span class='ocrx_word' id='word_1_113' title='bbox 1259 1386 1300 1427; x_wconf 87' lang='lat' dir='ltr'>in</span> <span class='ocrx_word' id='word_1_114' title='bbox 1325 1385 1473 1428; x_wconf 88' lang='lat' dir='ltr'>talibus</span> <span class='ocrx_word' id='word_1_115' title='bbox 1500 1398 1561 1429; x_wconf 85' lang='lat' dir='ltr'>est</span> <span class='ocrx_word' id='word_1_116' title='bbox 1585 1385 1671 1428; x_wconf 84' lang='lat' dir='ltr'>fieri</span> 
     </span>
     <span class='ocr_line' id='line_1_16' title="bbox 182 1454 1674 1514; baseline 0.002 -17"><span class='ocrx_word' id='word_1_117' title='bbox 182 1466 428 1497; x_wconf 85' lang='lat' dir='ltr'>consuetum</span> <span class='ocrx_word' id='word_1_118' title='bbox 456 1466 494 1498; x_wconf 88' lang='lat' dir='ltr'>et</span> <span class='ocrx_word' id='word_1_119' title='bbox 527 1454 691 1498; x_wconf 79' lang='lat' dir='ltr'>fidelem</span> <span class='ocrx_word' id='word_1_120' title='bbox 723 1457 944 1512; x_wconf 87' lang='lat' dir='ltr'>prestiterit</span> <span class='ocrx_word' id='word_1_121' title='bbox 977 1457 1227 1509; x_wconf 81' lang='lat' dir='ltr'>cautionem,</span> <span class='ocrx_word' id='word_1_122' title='bbox 1255 1472 1331 1499; x_wconf 89' lang='lat' dir='ltr'>nos</span> <span class='ocrx_word' id='word_1_123' title='bbox 1359 1457 1546 1499; x_wconf 76' lang='lat' dir='ltr'>volentes</span> <span class='ocrx_word' id='word_1_124' title='bbox 1578 1472 1674 1514; x_wconf 88' lang='lat' dir='ltr'>pro-</span> 
     </span>
     <span class='ocr_line' id='line_1_17' title="bbox 182 1527 1673 1584; baseline 0.001 -16"><span class='ocrx_word' id='word_1_125' title='bbox 182 1537 318 1583; x_wconf 87' lang='lat' dir='ltr'>pterea</span> <span class='ocrx_word' id='word_1_126' title='bbox 350 1540 499 1569; x_wconf 88' lang='lat' dir='ltr'>omnes</span> <span class='ocrx_word' id='word_1_127' title='bbox 532 1537 570 1569; x_wconf 87' lang='lat' dir='ltr'>et</span> <span class='ocrx_word' id='word_1_128' title='bbox 603 1527 786 1583; x_wconf 80' lang='lat' dir='ltr'>singulas</span> <span class='ocrx_word' id='word_1_129' title='bbox 824 1528 1091 1584; x_wconf 77' lang='lat' dir='ltr'>pecuniarum</span> <span class='ocrx_word' id='word_1_130' title='bbox 1124 1528 1369 1584; x_wconf 82' lang='lat' dir='ltr'>quantitates</span> <span class='ocrx_word' id='word_1_131' title='bbox 1402 1543 1564 1571; x_wconf 83' lang='lat' dir='ltr'>camere</span> <span class='ocrx_word' id='word_1_132' title='bbox 1597 1543 1673 1570; x_wconf 90' lang='lat' dir='ltr'>no-</span> 
     </span>
     <span class='ocr_line' id='line_1_18' title="bbox 183 1595 1673 1655; baseline 0.002 -16"><span class='ocrx_word' id='word_1_133' title='bbox 183 1607 264 1639; x_wconf 88' lang='lat' dir='ltr'>stre</span> <span class='ocrx_word' id='word_1_134' title='bbox 295 1595 466 1648; x_wconf 90' lang='lat' dir='ltr'>debitas‚</span> <span class='ocrx_word' id='word_1_135' title='bbox 488 1612 559 1654; x_wconf 88' lang='lat' dir='ltr'>per</span> <span class='ocrx_word' id='word_1_136' title='bbox 585 1608 623 1639; x_wconf 90' lang='lat' dir='ltr'>te</span> <span class='ocrx_word' id='word_1_137' title='bbox 650 1597 846 1640; x_wconf 85' lang='lat' dir='ltr'>hactenus</span> <span class='ocrx_word' id='word_1_138' title='bbox 874 1598 1067 1640; x_wconf 83' lang='lat' dir='ltr'>collectas</span> <span class='ocrx_word' id='word_1_139' title='bbox 1094 1609 1132 1640; x_wconf 91' lang='lat' dir='ltr'>et</span> <span class='ocrx_word' id='word_1_140' title='bbox 1160 1613 1260 1655; x_wconf 87' lang='lat' dir='ltr'>quas</span> <span class='ocrx_word' id='word_1_141' title='bbox 1286 1599 1561 1655; x_wconf 83' lang='lat' dir='ltr'>imposterum</span> <span class='ocrx_word' id='word_1_142' title='bbox 1589 1599 1673 1642; x_wconf 91' lang='lat' dir='ltr'>col-</span> 
     </span>
     <span class='ocr_line' id='line_1_19' title="bbox 182 1667 1672 1725; baseline 0.001 -15"><span class='ocrx_word' id='word_1_143' title='bbox 182 1667 306 1725; x_wconf 82' lang='lat' dir='ltr'>ligere</span> <span class='ocrx_word' id='word_1_144' title='bbox 332 1678 371 1710; x_wconf 90' lang='lat' dir='ltr'>te</span> <span class='ocrx_word' id='word_1_145' title='bbox 397 1668 623 1725; x_wconf 83' lang='lat' dir='ltr'>continget,</span> <span class='ocrx_word' id='word_1_146' title='bbox 644 1667 692 1710; x_wconf 85' lang='lat' dir='ltr'>ad</span> <span class='ocrx_word' id='word_1_147' title='bbox 722 1684 868 1710; x_wconf 87' lang='lat' dir='ltr'>manus</span> <span class='ocrx_word' id='word_1_148' title='bbox 895 1668 992 1711; x_wconf 91' lang='lat' dir='ltr'>dicti</span> <span class='ocrx_word' id='word_1_149' title='bbox 1021 1668 1165 1721; x_wconf 84' lang='lat' dir='ltr'>Landi,</span> <span class='ocrx_word' id='word_1_150' title='bbox 1187 1668 1237 1712; x_wconf 90' lang='lat' dir='ltr'>de</span> <span class='ocrx_word' id='word_1_151' title='bbox 1264 1670 1380 1711; x_wconf 85' lang='lat' dir='ltr'>cuius</span> <span class='ocrx_word' id='word_1_152' title='bbox 1407 1669 1601 1712; x_wconf 85' lang='lat' dir='ltr'>fidelitate</span> <span class='ocrx_word' id='word_1_153' title='bbox 1634 1681 1672 1712; x_wconf 85' lang='lat' dir='ltr'>et</span> 
     </span>
     <span class='ocr_line' id='line_1_20' title="bbox 181 1738 1672 1798; baseline 0.001 -16"><span class='ocrx_word' id='word_1_154' title='bbox 181 1740 564 1796; x_wconf 87' lang='lat' dir='ltr'>circumspectionis</span> <span class='ocrx_word' id='word_1_155' title='bbox 588 1738 785 1782; x_wconf 84' lang='lat' dir='ltr'>industria</span> <span class='ocrx_word' id='word_1_156' title='bbox 809 1741 994 1797; x_wconf 80' lang='lat' dir='ltr'>gerimus</span> <span class='ocrx_word' id='word_1_157' title='bbox 1017 1741 1059 1782; x_wconf 88' lang='lat' dir='ltr'>in</span> <span class='ocrx_word' id='word_1_158' title='bbox 1083 1741 1271 1783; x_wconf 89' lang='lat' dir='ltr'>Domino</span> <span class='ocrx_word' id='word_1_159' title='bbox 1298 1740 1491 1783; x_wconf 86' lang='lat' dir='ltr'>fiduciam</span> <span class='ocrx_word' id='word_1_160' title='bbox 1514 1742 1672 1798; x_wconf 89' lang='lat' dir='ltr'>plenio-</span> 
     </span>
     <span class='ocr_line' id='line_1_21' title="bbox 183 1810 1672 1870; baseline 0.002 -17"><span class='ocrx_word' id='word_1_161' title='bbox 183 1825 285 1861; x_wconf 91' lang='lat' dir='ltr'>rem,</span> <span class='ocrx_word' id='word_1_162' title='bbox 310 1810 456 1854; x_wconf 87' lang='lat' dir='ltr'>deduci</span> <span class='ocrx_word' id='word_1_163' title='bbox 490 1822 528 1853; x_wconf 90' lang='lat' dir='ltr'>et</span> <span class='ocrx_word' id='word_1_164' title='bbox 560 1810 828 1854; x_wconf 84' lang='lat' dir='ltr'>effectualiter</span> <span class='ocrx_word' id='word_1_165' title='bbox 861 1812 1074 1869; x_wconf 81' lang='lat' dir='ltr'>assignari,</span> <span class='ocrx_word' id='word_1_166' title='bbox 1098 1811 1338 1855; x_wconf 74' lang='lat' dir='ltr'>fraternitati</span> <span class='ocrx_word' id='word_1_167' title='bbox 1371 1824 1438 1855; x_wconf 87' lang='lat' dir='ltr'>tue</span> <span class='ocrx_word' id='word_1_168' title='bbox 1471 1828 1542 1869; x_wconf 86' lang='lat' dir='ltr'>per</span> <span class='ocrx_word' id='word_1_169' title='bbox 1575 1829 1672 1870; x_wconf 85' lang='lat' dir='ltr'>apo-</span> 
     </span>
     <span class='ocr_line' id='line_1_22' title="bbox 181 1881 1671 1939; baseline 0.001 -15"><span class='ocrx_word' id='word_1_170' title='bbox 181 1881 324 1924; x_wconf 88' lang='lat' dir='ltr'>stolica</span> <span class='ocrx_word' id='word_1_171' title='bbox 357 1882 504 1939; x_wconf 84' lang='lat' dir='ltr'>scripta</span> <span class='ocrx_word' id='word_1_172' title='bbox 536 1883 842 1924; x_wconf 90' lang='lat' dir='ltr'>committimus</span> <span class='ocrx_word' id='word_1_173' title='bbox 870 1894 908 1924; x_wconf 91' lang='lat' dir='ltr'>et</span> <span class='ocrx_word' id='word_1_174' title='bbox 935 1881 1196 1936; x_wconf 78' lang='lat' dir='ltr'>mandamus,</span> <span class='ocrx_word' id='word_1_175' title='bbox 1224 1894 1424 1939; x_wconf 88' lang='lat' dir='ltr'>quatenus</span> <span class='ocrx_word' id='word_1_176' title='bbox 1456 1898 1604 1926; x_wconf 88' lang='lat' dir='ltr'>omnes</span> <span class='ocrx_word' id='word_1_177' title='bbox 1632 1896 1671 1927; x_wconf 83' lang='lat' dir='ltr'>et</span> 
     </span>
     <span class='ocr_line' id='line_1_23' title="bbox 181 1952 1668 2010; baseline 0.002 -16"><span class='ocrx_word' id='word_1_178' title='bbox 181 1952 362 2008; x_wconf 83' lang='lat' dir='ltr'>singulas</span> <span class='ocrx_word' id='word_1_179' title='bbox 394 1953 660 2009; x_wconf 87' lang='lat' dir='ltr'>pecuniarum</span> <span class='ocrx_word' id='word_1_180' title='bbox 694 1952 934 1996; x_wconf 86' lang='lat' dir='ltr'>huiusmodi</span> <span class='ocrx_word' id='word_1_181' title='bbox 966 1954 1212 2009; x_wconf 84' lang='lat' dir='ltr'>quantitates</span> <span class='ocrx_word' id='word_1_182' title='bbox 1244 1952 1402 2010; x_wconf 90' lang='lat' dir='ltr'>prefato</span> <span class='ocrx_word' id='word_1_183' title='bbox 1435 1953 1578 1997; x_wconf 85' lang='lat' dir='ltr'>Lando</span> <span class='ocrx_word' id='word_1_184' title='bbox 1605 1955 1668 1997; x_wconf 71' lang='lat' dir='ltr'>vel</span> 
     </span>
     <span class='ocr_line' id='line_1_24' title="bbox 181 2023 1671 2082; baseline 0.001 -17"><span class='ocrx_word' id='word_1_185' title='bbox 181 2023 268 2066; x_wconf 89' lang='lat' dir='ltr'>eius</span> <span class='ocrx_word' id='word_1_186' title='bbox 300 2023 488 2080; x_wconf 86' lang='lat' dir='ltr'>legitimo</span> <span class='ocrx_word' id='word_1_187' title='bbox 527 2026 780 2080; x_wconf 90' lang='lat' dir='ltr'>procuratori</span> <span class='ocrx_word' id='word_1_188' title='bbox 814 2023 863 2066; x_wconf 84' lang='lat' dir='ltr'>ad</span> <span class='ocrx_word' id='word_1_189' title='bbox 897 2024 975 2066; x_wconf 89' lang='lat' dir='ltr'>hoc</span> <span class='ocrx_word' id='word_1_190' title='bbox 1009 2024 1237 2082; x_wconf 86' lang='lat' dir='ltr'>specialiter</span> <span class='ocrx_word' id='word_1_191' title='bbox 1267 2024 1461 2081; x_wconf 89' lang='lat' dir='ltr'>deputato</span> <span class='ocrx_word' id='word_1_192' title='bbox 1495 2053 1551 2056; x_wconf 93' lang='lat'>—-</span> <span class='ocrx_word' id='word_1_193' title='bbox 1585 2037 1671 2068; x_wconf 89' lang='lat' dir='ltr'>stu—</span> 
     </span>
     <span class='ocr_line' id='line_1_25' title="bbox 179 2093 1668 2154; baseline 0.002 -18"><span class='ocrx_word' id='word_1_194' title='bbox 179 2093 276 2137; x_wconf 85' lang='lat' dir='ltr'>deas</span> <span class='ocrx_word' id='word_1_195' title='bbox 295 2095 516 2152; x_wconf 83' lang='lat' dir='ltr'>assignare.</span> <span class='ocrx_word' id='word_1_196' title='bbox 539 2121 594 2125; x_wconf 93' lang='lat'><strong>—</strong></span> <span class='ocrx_word' id='word_1_197' title='bbox 616 2095 706 2138; x_wconf 84' lang='lat' dir='ltr'>Nos</span> <span class='ocrx_word' id='word_1_198' title='bbox 729 2096 840 2137; x_wconf 89' lang='lat' dir='ltr'>enim</span> <span class='ocrx_word' id='word_1_199' title='bbox 871 2095 1013 2138; x_wconf 87' lang='lat' dir='ltr'>Lando</span> <span class='ocrx_word' id='word_1_200' title='bbox 1035 2111 1105 2138; x_wconf 87' lang='lat' dir='ltr'>seu</span> <span class='ocrx_word' id='word_1_201' title='bbox 1128 2097 1385 2153; x_wconf 86' lang='lat' dir='ltr'>procuratori</span> <span class='ocrx_word' id='word_1_202' title='bbox 1403 2095 1452 2138; x_wconf 90' lang='lat' dir='ltr'>de</span> <span class='ocrx_word' id='word_1_203' title='bbox 1476 2096 1566 2149; x_wconf 84' lang='lat' dir='ltr'>hiis,</span> <span class='ocrx_word' id='word_1_204' title='bbox 1590 2113 1668 2154; x_wconf 85' lang='lat' dir='ltr'>que</span> 
     </span>
     <span class='ocr_line' id='line_1_26' title="bbox 180 2163 1666 2223; baseline 0.002 -16"><span class='ocrx_word' id='word_1_205' title='bbox 180 2165 390 2222; x_wconf 86' lang='lat' dir='ltr'>receperit,</span> <span class='ocrx_word' id='word_1_206' title='bbox 400 2175 439 2207; x_wconf 89' lang='lat' dir='ltr'>te</span> <span class='ocrx_word' id='word_1_207' title='bbox 450 2163 631 2222; x_wconf 89' lang='lat' dir='ltr'>quitandi</span> <span class='ocrx_word' id='word_1_208' title='bbox 643 2176 850 2208; x_wconf 79' lang='lat' dir='ltr'>—tenore</span> <span class='ocrx_word' id='word_1_209' title='bbox 863 2166 1115 2222; x_wconf 89' lang='lat' dir='ltr'>presentium</span> <span class='ocrx_word' id='word_1_210' title='bbox 1126 2165 1394 2210; x_wconf 87' lang='lat' dir='ltr'>concedimus</span> <span class='ocrx_word' id='word_1_211' title='bbox 1408 2178 1666 2223; x_wconf 86' lang='lat' dir='ltr'>potestatem.</span> 
     </span>
     <span class='ocr_line' id='line_1_27' title="bbox 181 2235 1666 2296; baseline 0.002 -18"><span class='ocrx_word' id='word_1_212' title='bbox 181 2235 336 2278; x_wconf 89' lang='lat' dir='ltr'>Datum</span> <span class='ocrx_word' id='word_1_213' title='bbox 350 2236 510 2278; x_wconf 87' lang='lat' dir='ltr'>Perusii</span> <span class='ocrx_word' id='word_1_214' title='bbox 525 2236 582 2278; x_wconf 95' lang='lat' dir='ltr'>VI</span> <span class='ocrx_word' id='word_1_215' title='bbox 595 2235 685 2279; x_wconf 90' lang='lat' dir='ltr'>idus</span> <span class='ocrx_word' id='word_1_216' title='bbox 701 2235 946 2279; x_wconf 86' lang='lat' dir='ltr'>Decembris</span> <span class='ocrx_word' id='word_1_217' title='bbox 962 2236 1224 2294; x_wconf 83' lang='lat' dir='ltr'>pontificatus</span> <span class='ocrx_word' id='word_1_218' title='bbox 1238 2238 1368 2281; x_wconf 86' lang='lat' dir='ltr'>nostri</span> <span class='ocrx_word' id='word_1_219' title='bbox 1381 2253 1489 2280; x_wconf 87' lang='lat' dir='ltr'>anno</span> <span class='ocrx_word' id='word_1_220' title='bbox 1507 2250 1666 2296; x_wconf 87' lang='lat' dir='ltr'>quarto.</span> 
     </span>
    </p>
   </div>
   <div class='ocr_carea' id='block_1_4' title="bbox 182 2315 1668 2424">
    <p class='ocr_par' dir='ltr' id='par_1_6' title="bbox 182 2315 1668 2424">
     <span class='ocr_line' id='line_1_28' title="bbox 274 2315 1668 2377; baseline 0.002 -13"><span class='ocrx_word' id='word_1_221' title='bbox 274 2330 360 2376; x_wconf 87' lang='lat' dir='ltr'>Reg.</span> <span class='ocrx_word' id='word_1_222' title='bbox 382 2329 461 2364; x_wconf 85' lang='lat' dir='ltr'>Vat.</span> <span class='ocrx_word' id='word_1_223' title='bbox 488 2340 552 2374; x_wconf 76' lang='lat'>314</span> <span class='ocrx_word' id='word_1_224' title='bbox 580 2330 598 2364; x_wconf 84' lang='lat' dir='ltr'>f.</span> <span class='ocrx_word' id='word_1_225' title='bbox 622 2341 676 2375; x_wconf 72' lang='lat'>43.</span> <span class='ocrx_word' id='word_1_226' title='bbox 700 2352 743 2356; x_wconf 97' lang='lat'><strong>—</strong></span> <span class='ocrx_word' id='word_1_227' title='bbox 767 2330 805 2364; x_wconf 83' lang='lat' dir='ltr'>In</span> <span class='ocrx_word' id='word_1_228' title='bbox 825 2331 913 2376; x_wconf 78' lang='lat' dir='ltr'>fine:</span> <span class='ocrx_word' id='word_1_229' title='bbox 937 2332 978 2365; x_wconf 81' lang='grc' dir='ltr'>Α.</span> <span class='ocrx_word' id='word_1_230' title='bbox 1002 2331 1053 2365; x_wconf 86' lang='lat' dir='ltr'>De</span> <span class='ocrx_word' id='word_1_231' title='bbox 1074 2315 1366 2377; x_wconf 80' lang='lat' dir='ltr'>Portugr[uario].</span> <span class='ocrx_word' id='word_1_232' title='bbox 1389 2352 1433 2358; x_wconf 84' lang='lat'>-—</span> <span class='ocrx_word' id='word_1_233' title='bbox 1458 2333 1498 2366; x_wconf 72' lang='lat' dir='ltr'>A.</span> <span class='ocrx_word' id='word_1_234' title='bbox 1522 2333 1574 2366; x_wconf 86' lang='lat' dir='ltr'>De</span> <span class='ocrx_word' id='word_1_235' title='bbox 1600 2332 1668 2367; x_wconf 89' lang='lat' dir='ltr'>Cu-</span> 
     </span>
     <span class='ocr_line' id='line_1_29' title="bbox 182 2390 534 2424; baseline 0 0"><span class='ocrx_word' id='word_1_236' title='bbox 182 2390 257 2424; x_wconf 86' lang='lat' dir='ltr'>mis.</span> <span class='ocrx_word' id='word_1_237' title='bbox 280 2411 324 2415; x_wconf 87' lang='lat'><strong>—</strong></span> <span class='ocrx_word' id='word_1_238' title='bbox 351 2390 402 2424; x_wconf 90' lang='lat' dir='ltr'>De</span> <span class='ocrx_word' id='word_1_239' title='bbox 428 2391 534 2424; x_wconf 84' lang='lat' dir='ltr'>curia.</span> 
     </span>
    </p>
   </div>
   <div class='ocr_carea' id='block_1_5' title="bbox 178 2484 1668 2837">
    <p class='ocr_par' dir='ltr' id='par_1_7' title="bbox 178 2484 1668 2837">
     <span class='ocr_line' id='line_1_30' title="bbox 267 2484 1668 2532; baseline 0.001 -4"><span class='ocrx_word' id='word_1_240' title='bbox 267 2488 307 2528; x_wconf 85' lang='lat'>4.</span> <span class='ocrx_word' id='word_1_241' title='bbox 343 2484 575 2527; x_wconf 79' lang='lat' dir='ltr'>Franciscns</span> <span class='ocrx_word' id='word_1_242' title='bbox 600 2484 644 2527; x_wconf 85' lang='lat' dir='ltr'>de</span> <span class='ocrx_word' id='word_1_243' title='bbox 670 2485 848 2528; x_wconf 81' lang='lat' dir='ltr'>Bononia</span> <span class='ocrx_word' id='word_1_244' title='bbox 875 2486 920 2528; x_wconf 75' lang='lat' dir='ltr'>de</span> <span class='ocrx_word' id='word_1_245' title='bbox 954 2485 1151 2528; x_wconf 77' lang='lat' dir='ltr'>Gnidottis</span> <span class='ocrx_word' id='word_1_246' title='bbox 1174 2487 1369 2529; x_wconf 82' lang='lat' dir='ltr'>constituit</span> <span class='ocrx_word' id='word_1_247' title='bbox 1397 2486 1553 2528; x_wconf 72' lang='lat' dir='ltr'>Petrum</span> <span class='ocrx_word' id='word_1_248' title='bbox 1584 2486 1668 2532; x_wconf 76' lang='lat' dir='ltr'>fra-</span> 
     </span>
     <span class='ocr_line' id='line_1_31' title="bbox 179 2562 752 2612; baseline 0 -16"><span class='ocrx_word' id='word_1_249' title='bbox 179 2562 273 2598; x_wconf 83' lang='lat' dir='ltr'>trem</span> <span class='ocrx_word' id='word_1_250' title='bbox 306 2570 419 2597; x_wconf 84' lang='lat' dir='ltr'>suum</span> <span class='ocrx_word' id='word_1_251' title='bbox 446 2563 752 2612; x_wconf 77' lang='lat' dir='ltr'>procuratorem.</span> 
     </span>
     <span class='ocr_line' id='line_1_32' title="bbox 880 2625 1575 2682; baseline 0 -14"><span class='ocrx_word' id='word_1_252' title='bbox 880 2625 1104 2678; x_wconf 76' lang='lat' dir='ltr'>Cracovicze,</span> <span class='ocrx_word' id='word_1_253' title='bbox 1139 2639 1192 2682; x_wconf 82' lang='lat'>29</span> <span class='ocrx_word' id='word_1_254' title='bbox 1226 2626 1415 2668; x_wconf 79' lang='lat' dir='ltr'>Ianuarii</span> <span class='ocrx_word' id='word_1_255' title='bbox 1449 2639 1575 2681; x_wconf 74' lang='lat'><em>1393.</em></span> 
     </span>
     <span class='ocr_line' id='line_1_33' title="bbox 267 2707 1663 2752; baseline -0.001 0"><span class='ocrx_word' id='word_1_256' title='bbox 267 2709 508 2752; x_wconf 87' lang='lat' dir='ltr'>Franciscus</span> <span class='ocrx_word' id='word_1_257' title='bbox 525 2708 575 2752; x_wconf 92' lang='lat' dir='ltr'>de</span> <span class='ocrx_word' id='word_1_258' title='bbox 593 2709 781 2751; x_wconf 87' lang='lat' dir='ltr'>Bononia</span> <span class='ocrx_word' id='word_1_259' title='bbox 793 2707 842 2751; x_wconf 83' lang='lat' dir='ltr'>de</span> <span class='ocrx_word' id='word_1_260' title='bbox 859 2708 1069 2752; x_wconf 87' lang='lat' dir='ltr'>Guidottis</span> <span class='ocrx_word' id='word_1_261' title='bbox 1088 2717 1097 2735; x_wconf 88' lang='lat'>¹</span> <span class='ocrx_word' id='word_1_262' title='bbox 1118 2709 1330 2751; x_wconf 89' lang='lat' dir='ltr'>constituit</span> <span class='ocrx_word' id='word_1_263' title='bbox 1354 2708 1521 2751; x_wconf 87' lang='lat' dir='ltr'>fratrem</span> <span class='ocrx_word' id='word_1_264' title='bbox 1541 2724 1663 2751; x_wconf 89' lang='lat' dir='ltr'>suum</span> 
     </span>
     <span class='ocr_line' id='line_1_34' title="bbox 178 2779 1665 2837; baseline 0 -15"><span class='ocrx_word' id='word_1_265' title='bbox 178 2780 349 2823; x_wconf 89' lang='lat' dir='ltr'>Petrum</span> <span class='ocrx_word' id='word_1_266' title='bbox 386 2779 707 2837; x_wconf 86' lang='lat' dir='ltr'>plenipotentem</span> <span class='ocrx_word' id='word_1_267' title='bbox 752 2791 1061 2836; x_wconf 87' lang='lat' dir='ltr'>procuratorem</span> <span class='ocrx_word' id='word_1_268' title='bbox 1096 2780 1288 2822; x_wconf 90' lang='lat' dir='ltr'>omnium</span> <span class='ocrx_word' id='word_1_269' title='bbox 1323 2794 1490 2822; x_wconf 89' lang='lat' dir='ltr'>suarum</span> <span class='ocrx_word' id='word_1_270' title='bbox 1524 2794 1665 2822; x_wconf 82' lang='lat' dir='ltr'>causa-</span> 
     </span>
    </p>
   </div>
   <div class='ocr_carea' id='block_1_6' title="bbox 178 2873 1666 2979">
    <p class='ocr_par' dir='ltr' id='par_1_8' title="bbox 178 2873 1666 2979">
     <span class='ocr_line' id='line_1_35' title="bbox 274 2873 1666 2921; baseline 0.001 -14"><span class='ocrx_word' id='word_1_271' title='bbox 274 2881 284 2899; x_wconf 84' lang='lat'>1</span> <span class='ocrx_word' id='word_1_272' title='bbox 313 2874 433 2908; x_wconf 81' lang='lat' dir='ltr'>Eodem</span> <span class='ocrx_word' id='word_1_273' title='bbox 459 2885 547 2908; x_wconf 84' lang='lat' dir='ltr'>anno</span> <span class='ocrx_word' id='word_1_274' title='bbox 574 2874 767 2919; x_wconf 82' lang='lat' dir='ltr'>Bonifacius</span> <span class='ocrx_word' id='word_1_275' title='bbox 790 2880 844 2920; x_wconf 82' lang='lat' dir='ltr'>pp.</span> <span class='ocrx_word' id='word_1_276' title='bbox 873 2873 926 2907; x_wconf 82' lang='lat' dir='ltr'>IX</span> <span class='ocrx_word' id='word_1_277' title='bbox 949 2876 1114 2908; x_wconf 81' lang='lat' dir='ltr'>constituit</span> <span class='ocrx_word' id='word_1_278' title='bbox 1140 2875 1301 2920; x_wconf 82' lang='lat' dir='ltr'>quendam</span> <span class='ocrx_word' id='word_1_279' title='bbox 1337 2874 1492 2909; x_wconf 76' lang='lat' dir='ltr'>Iacobum</span> <span class='ocrx_word' id='word_1_280' title='bbox 1522 2874 1666 2921; x_wconf 77' lang='lat' dir='ltr'>Philippi</span> 
     </span>
     <span class='ocr_line' id='line_1_36' title="bbox 178 2932 1664 2979; baseline 0.001 -13"><span class='ocrx_word' id='word_1_281' title='bbox 178 2933 216 2967; x_wconf 85' lang='lat' dir='ltr'>de</span> <span class='ocrx_word' id='word_1_282' title='bbox 241 2932 418 2973; x_wconf 83' lang='lat' dir='ltr'>Guidottis,</span> <span class='ocrx_word' id='word_1_283' title='bbox 443 2933 596 2967; x_wconf 84' lang='lat' dir='ltr'>clericum</span> <span class='ocrx_word' id='word_1_284' title='bbox 626 2933 873 2971; x_wconf 80' lang='lat' dir='ltr'>Bononiensem,</span> <span class='ocrx_word' id='word_1_285' title='bbox 900 2935 933 2966; x_wconf 87' lang='lat' dir='ltr'>in</span> <span class='ocrx_word' id='word_1_286' title='bbox 962 2944 1060 2977; x_wconf 72' lang='lat' dir='ltr'>regno</span> <span class='ocrx_word' id='word_1_287' title='bbox 1087 2933 1242 2967; x_wconf 83' lang='lat' dir='ltr'>Polom&#39;ae</span> <span class='ocrx_word' id='word_1_288' title='bbox 1270 2936 1490 2979; x_wconf 76' lang='lat' dir='ltr'>proventuum</span> <span class='ocrx_word' id='word_1_289' title='bbox 1515 2944 1664 2967; x_wconf 74' lang='lat' dir='ltr'>camerae</span> 
     </span>
    </p>
   </div>
  </div>
 </body>
</html>
