2201 3554
481 434 523 466 ut
553 427 725 483 superius
759 429 1023 479 narravimus,
1058 427 1268 470 ditissimae
1304 427 1482 481 familiae
1515 426 1764 469 florentinae
1795 426 1962 468 associa-

481 507 638 561 lrantur,
664 525 736 566 quo
759 509 826 566 fit,
858 518 898 551 ut
932 510 989 552 lu's
1021 510 1251 566 temporibus
1283 509 1398 551 multi
1430 516 1656 551 mercatores
1687 509 1732 551 de
1759 507 1961 550 Florentia

480 590 520 630 in
554 605 669 646 reguo
701 591 884 635 Poloniae
919 600 1181 635 numerentur.
1239 591 1351 634 Tunc
1392 592 1495 634 venit
1533 605 1706 634 camerae
1736 588 1961 647 apostolicae

479 671 685 715 collectoris
718 690 874 716 numere
898 674 1072 731 jungens
1100 675 1327 718 Leouardus
1348 675 1390 717 de
1414 675 1534 718 Riciis
1556 688 1636 716 una
1657 689 1744 716 cum
1763 671 1962 730 fratribus

477 755 556 796 suis
588 756 764 799 Antonio
796 766 828 799 et
863 757 1053 809 Gnidone,
1088 759 1193 800 venit
1223 759 1337 800 etiam
1373 758 1553 800 Albicius
1588 757 1632 800 de
1671 756 1853 809 Medicis,
1883 756 1961 809 cui,

477 837 663 879 societatis
705 839 901 882 Mediceae
942 842 1198 897 procuratori,
1245 841 1388 884 credita
1433 855 1605 883 camerae
1647 838 1873 897 apostolicae
1913 853 1961 880 ex

475 921 646 974 pecuniis
678 923 718 963 iu
753 922 916 965 Polonia
949 923 1110 966 collectis
1140 923 1397 966 solvebantur.
1418 931 1428 949 ¹

567 1002 663 1045 Nou
695 1004 818 1047 solum
853 1005 974 1056 rebus,
1007 1021 1103 1064 quae
1134 1007 1185 1048 ad
1216 1021 1410 1050 cameram
1443 1006 1691 1064 apostolicam
1723 1004 1956 1062 spectabant,

478 1094 700 1128 mercatores
732 1087 827 1130 Itali
860 1089 901 1130 in
931 1088 1137 1131 Polouiam
1163 1088 1460 1139 allicielnmsm·;
1493 1089 1682 1131 Ludovici
1717 1087 1958 1144 Hungariae

477 1177 507 1211 et
543 1169 726 1212 Poloniae
759 1172 856 1226 regis
897 1187 983 1213 cum
1026 1171 1192 1214 Venetiis
1227 1173 1424 1214 necessitas
1447 1170 1632 1227 familias
1673 1170 1835 1213 Venetas
1867 1169 1961 1212 Mo-

478 1254 708 1304 risonorum‚
754 1253 1032 1309 Quirinorunt,
1079 1255 1382 1308 Ricaranorum,
1432 1254 1655 1297 Tronorum
1693 1254 1865 1312 aliasque
1899 1260 1960 1296 at-

477 1335 608 1386 trahit,
638 1336 823 1379 Ladislao
850 1345 978 1380 antem
1004 1337 1217 1395 sagellone‚
1254 1339 1429 1380 amicitia
1462 1353 1550 1380 cum
1577 1337 1752 1380 Iohanne
1781 1336 1960 1380 Galeatio

476 1426 509 1459 et
540 1417 718 1476 Philippo
752 1419 906 1471 Maria,
948 1420 1192 1477 principibus
1235 1420 1473 1474 Mediolani,
1516 1421 1718 1463 coniuncto
1761 1426 1960 1476 regnante,

477 1486 615 1543 Petrus
647 1502 818 1559 quidam,
856 1504 1003 1545 aerarii
1027 1503 1277 1560 praefectus²
1311 1511 1342 1546 et
1378 1503 1541 1546 Iacobus
1572 1503 1617 1545 de
1648 1502 1796 1545 illustri
1830 1501 1959 1544 Para—

475 1583 694 1625 vicinorum
734 1583 894 1639 saruilia
933 1585 1138 1638 oriundus,
1177 1585 1500 1638 Mediolanenses,
1543 1599 1689 1642 magna
1731 1585 1958 1627 auctoritate

473 1664 708 1718 fruebantur
745 1668 786 1709 in
819 1667 926 1709 aula.
961 1667 1154 1710 Iacobus3
1190 1675 1321 1711 orator
1362 1669 1404 1710 in
1438 1667 1603 1711 Italiam
1647 1669 1787 1710 missus
1824 1666 1959 1709 multis

474 1750 591 1791 amzis
617 1757 689 1806 pro
721 1765 804 1806 rege
836 1765 1022 1807 regnoque
1055 1749 1239 1794 Poloniae
1271 1750 1494 1793 insudabat.

561 1832 796 1875 Mercatores
829 1834 868 1875 in
903 1834 1067 1876 Polonia
1100 1834 1291 1877 habebant
1322 1834 1460 1886 multa,
1495 1834 1631 1892 quibus
1664 1842 1956 1892 occuparentur:

473 1916 522 1958 In
557 1916 717 1958 Italiam
751 1925 954 1974 exportant
986 1918 1074 1960 ln‘uc
1106 1932 1248 1971 ceram,
1274 1917 1402 1975 pelles,
1444 1919 1656 1960 tincturam
1697 1919 1750 1960 ad
1786 1926 1953 1976 pannos,

471 2014 566 2055 quae
582 1998 754 2055 polonice
783 2001 1046 2056 aczerwiecn,
1074 2002 1113 2043 in
1137 2001 1373 2043 documentis
1391 2000 1524 2043 latinis
1552 2001 1769 2043 «cremesi»
1797 2000 1953 2052 dicitur,

473 2080 643 2139 afferunt
674 2089 802 2124 autem
845 2098 892 2125 ex
933 2097 1003 2125 sua
1043 2084 1175 2142 patria
1214 2092 1368 2141 pannos
1417 2083 1560 2135 laneos,
1597 2084 1765 2137 sericeos,
1812 2098 1957 2126 necnon

473 2162 644 2205 clenodia
671 2171 703 2205 et
729 2163 830 2206 alias
856 2180 914 2208 res
939 2167 1278 2222 pretiosissimisz

568 2313 577 2330 1
607 2306 660 2351 Cs.
687 2308 783 2341 lanius
809 2308 882 2342 edit.
910 2319 960 2341 nr.
991 2319 1042 2353 32,
1070 2309 1123 2342 SS.

567 2372 580 2389 2
607 2365 803 2412 Appellatur
828 2367 1030 2401 solummodo
1049 2367 1164 2401 Petrus
1183 2367 1220 2400 de
1247 2366 1446 2408 Mediolano,
1483 2366 1750 2408 Mediolanensis,
1780 2372 1838 2401 aut
1864 2367 1956 2414 polo-

473 2425 557 2458 nice:
580 2424 672 2458 Piotr
690 2424 920 2470 Medyolanski
943 2427 1010 2460 vel:
1038 2426 1262 2460 Modnlanslci.

564 2490 579 2513 3
611 2483 703 2518 Venit
731 2483 927 2518 Cracoviam
954 2487 1041 2519 circa
1071 2496 1160 2528 1410
1185 2485 1244 2531 (cs.
1273 2498 1303 2519 ιι,
1328 2487 1399 2529 20),
1420 2490 1454 2519 nt
1479 2490 1592 2519 orator
1619 2487 1706 2531 regis
1726 2485 1879 2520 Poloniae
1904 2497 1956 2520 oc-

471 2543 578 2576 currit
603 2543 692 2577 nobis
717 2545 813 2577 annis
843 2554 1060 2588 1414-1425.

563 2609 575 2631 -1
606 2601 658 2647 Cf.
688 2614 738 2636 nr.
762 2613 816 2643 22,
836 2614 892 2646 44,
912 2614 967 2648 47,
995 2615 1048 2647 50,
1072 2615 1125 2647 52.
1148 2604 1273 2638 Paulus
1295 2605 1467 2639 Aemilius
1493 2604 1683 2639 Giovanini
1710 2606 1743 2638 in
1769 2616 1828 2639 suu
1855 2605 1955 2639 Rela-

471 2660 570 2694 zione
596 2661 627 2694 di
655 2660 800 2695 Polonia
825 2662 862 2696 de
888 2674 918 2696 a.
944 2663 1028 2706 1561
1058 2662 1135 2696 haec
1157 2668 1276 2697 narrat
1297 2663 1387 2697 nobis
1407 2663 1445 2697 de
1468 2665 1612 2698 tinctura
1629 2675 1668 2698 ex
1687 2663 1823 2697 Polonia
1836 2669 1956 2710 prove·

471 2721 582 2761 uieute,
609 2722 744 2754 cremesi
766 2721 871 2755 dicta:
908 2721 962 2755 Ho
988 2722 1100 2756 inteso
1127 2722 1301 2757 ricordare
1327 2722 1487 2765 cier1ne2‚
1512 2723 1618 2757 herba
1644 2723 1698 2757 ch’
1714 2723 1758 2758 ha
1784 2723 1877 2758 nella
1902 2735 1956 2757 ra-

470 2779 544 2813 dice
571 2780 693 2814 alcune
722 2781 877 2826 granella
903 2789 1085 2823 attaccate,
1111 2782 1153 2816 da
1180 2783 1211 2816 le
1237 2782 1329 2828 quali
1357 2790 1531 2817 macerate
1557 2782 1745 2817 nell'aceto
1771 2782 1798 2816 si
1824 2794 1955 2817 cavava

469 2838 580 2883 liquor
606 2842 626 2872 ὸ
653 2846 789 2873 tentura
817 2840 849 2873 di
871 2852 1020 2886 purpura
1047 2843 1103 2874 mil
1138 2841 1244 2887 hoggi
1267 2841 1300 2875 d'x
1328 2843 1345 2875 ὲ
1371 2842 1568 2876 tralasciata
1603 2841 1811 2888 (Scriptores
1837 2853 1952 2876 rerum

468 2897 720 2942 polonicamm,
747 2899 814 2932 vol.
843 2898 920 2941 XV,
947 2900 1116 2934 Analecta
1144 2900 1316 2943 Romana,
1342 2912 1372 2946 p.
1406 2900 1499 2947 196).
