<?xml version="1.0" encoding="UTF-8"?>
<!DOCTYPE html PUBLIC "-//W3C//DTD XHTML 1.0 Transitional//EN"
    "http://www.w3.org/TR/xhtml1/DTD/xhtml1-transitional.dtd">
<html xmlns="http://www.w3.org/1999/xhtml" xml:lang="en" lang="en">
 <head>
  <title>
</title>
<meta http-equiv="Content-Type" content="text/html;charset=utf-8" />
  <meta name='ocr-system' content='tesseract 3.04.00' />
  <meta name='ocr-capabilities' content='ocr_page ocr_carea ocr_par ocr_line ocrx_word'/>
</head>
<body>
  <div class='ocr_page' id='page_1' title='image "./italiamercatoria00ptanuoft/italiamercatoria00ptanuoft_0067.png"; bbox 0 0 2201 3554; ppageno 0'>
   <div class='ocr_carea' id='block_1_1' title="bbox 738 319 973 361">
    <p class='ocr_par' dir='ltr' id='par_1_1' title="bbox 738 319 973 361">
     <span class='ocr_line' id='line_1_1' title="bbox 738 319 973 361; baseline -0.004 -23"><span class='ocrx_word' id='word_1_1' title='bbox 738 319 973 361; x_wconf 60' lang='lat'>-39-</span> 
     </span>
    </p>
   </div>
   <div class='ocr_carea' id='block_1_2' title="bbox 116 418 1623 2960">
    <p class='ocr_par' dir='ltr' id='par_1_2' title="bbox 116 418 1605 758">
     <span class='ocr_line' id='line_1_2' title="bbox 117 418 1601 476; baseline -0.001 -15"><span class='ocrx_word' id='word_1_2' title='bbox 117 419 272 476; x_wconf 89' lang='lat' dir='ltr'>scipere</span> <span class='ocrx_word' id='word_1_3' title='bbox 293 418 473 471; x_wconf 84' lang='lat' dir='ltr'><strong>deberet,</strong></span> <span class='ocrx_word' id='word_1_4' title='bbox 501 418 570 462; x_wconf 91' lang='lat' dir='ltr'>sed</span> <span class='ocrx_word' id='word_1_5' title='bbox 593 434 850 476; x_wconf 82' lang='lat' dir='ltr'>recognosco</span> <span class='ocrx_word' id='word_1_6' title='bbox 870 419 1002 475; x_wconf 87' lang='lat' dir='ltr'>plane,</span> <span class='ocrx_word' id='word_1_7' title='bbox 1034 419 1145 476; x_wconf 86' lang='lat' dir='ltr'>quod</span> <span class='ocrx_word' id='word_1_8' title='bbox 1173 431 1267 462; x_wconf 92' lang='lat' dir='ltr'>sunt</span> <span class='ocrx_word' id='word_1_9' title='bbox 1294 435 1452 462; x_wconf 78' lang='lat' dir='ltr'><strong>merces</strong></span> <span class='ocrx_word' id='word_1_10' title='bbox 1475 419 1601 476; x_wconf 88' lang='lat' dir='ltr'>ipsius</span> 
     </span>
     <span class='ocr_line' id='line_1_3' title="bbox 116 488 1602 548; baseline -0.001 -16"><span class='ocrx_word' id='word_1_11' title='bbox 116 489 312 532; x_wconf 84' lang='lat' dir='ltr'>Iohannis</span> <span class='ocrx_word' id='word_1_12' title='bbox 339 489 467 541; x_wconf 86' lang='lat' dir='ltr'>Bank,</span> <span class='ocrx_word' id='word_1_13' title='bbox 490 502 531 532; x_wconf 86' lang='lat' dir='ltr'>et</span> <span class='ocrx_word' id='word_1_14' title='bbox 561 489 671 547; x_wconf 88' lang='lat' dir='ltr'>quod</span> <span class='ocrx_word' id='word_1_15' title='bbox 704 490 790 547; x_wconf 87' lang='lat' dir='ltr'>ipse</span> <span class='ocrx_word' id='word_1_16' title='bbox 821 488 942 533; x_wconf 87' lang='lat' dir='ltr'>debet</span> <span class='ocrx_word' id='word_1_17' title='bbox 973 505 1040 532; x_wconf 83' lang='lat' dir='ltr'>eas</span> <span class='ocrx_word' id='word_1_18' title='bbox 1073 502 1255 548; x_wconf 85' lang='lat' dir='ltr'>repetere</span> <span class='ocrx_word' id='word_1_19' title='bbox 1283 491 1347 533; x_wconf 86' lang='lat' dir='ltr'>vel</span> <span class='ocrx_word' id='word_1_20' title='bbox 1374 491 1555 546; x_wconf 84' lang='lat' dir='ltr'>recipere</span> <span class='ocrx_word' id='word_1_21' title='bbox 1582 504 1602 530; x_wconf 84' lang='lat' dir='ltr'>a</span> 
     </span>
     <span class='ocr_line' id='line_1_4' title="bbox 117 558 1603 616; baseline -0.001 -14"><span class='ocrx_word' id='word_1_22' title='bbox 117 558 275 616; x_wconf 83' lang='lat' dir='ltr'>prefato</span> <span class='ocrx_word' id='word_1_23' title='bbox 308 559 510 602; x_wconf 79' lang='lat' dir='ltr'>Michaele</span> <span class='ocrx_word' id='word_1_24' title='bbox 544 559 666 602; x_wconf 84' lang='lat' dir='ltr'>fratre</span> <span class='ocrx_word' id='word_1_25' title='bbox 699 575 807 602; x_wconf 92' lang='lat' dir='ltr'>meo.</span> <span class='ocrx_word' id='word_1_26' title='bbox 842 560 885 602; x_wconf 89' lang='lat' dir='ltr'>Si</span> <span class='ocrx_word' id='word_1_27' title='bbox 912 561 1023 603; x_wconf 90' lang='lat' dir='ltr'>enim</span> <span class='ocrx_word' id='word_1_28' title='bbox 1055 573 1191 604; x_wconf 82' lang='lat' dir='ltr'>essent</span> <span class='ocrx_word' id='word_1_29' title='bbox 1224 576 1315 604; x_wconf 90' lang='lat' dir='ltr'>mee</span> <span class='ocrx_word' id='word_1_30' title='bbox 1349 576 1413 603; x_wconf 90' lang='lat' dir='ltr'>res</span> <span class='ocrx_word' id='word_1_31' title='bbox 1445 559 1512 602; x_wconf 87' lang='lat' dir='ltr'>ille</span> <span class='ocrx_word' id='word_1_32' title='bbox 1538 559 1603 601; x_wconf 82' lang='lat' dir='ltr'>vel</span> 
     </span>
     <span class='ocr_line' id='line_1_5' title="bbox 116 629 1605 688; baseline -0.001 -16"><span class='ocrx_word' id='word_1_33' title='bbox 116 644 196 686; x_wconf 86' lang='lat' dir='ltr'>ego</span> <span class='ocrx_word' id='word_1_34' title='bbox 229 630 456 673; x_wconf 83' lang='lat' dir='ltr'>voluissem</span> <span class='ocrx_word' id='word_1_35' title='bbox 483 645 551 673; x_wconf 81' lang='lat' dir='ltr'>eas</span> <span class='ocrx_word' id='word_1_36' title='bbox 584 645 795 673; x_wconf 81' lang='lat' dir='ltr'>assumere</span> <span class='ocrx_word' id='word_1_37' title='bbox 823 645 891 688; x_wconf 87' lang='lat' dir='ltr'>per</span> <span class='ocrx_word' id='word_1_38' title='bbox 921 630 1086 673; x_wconf 85' lang='lat' dir='ltr'>fratrem</span> <span class='ocrx_word' id='word_1_39' title='bbox 1121 647 1278 683; x_wconf 86' lang='lat' dir='ltr'>meum,</span> <span class='ocrx_word' id='word_1_40' title='bbox 1313 646 1385 674; x_wconf 90' lang='lat' dir='ltr'>cur</span> <span class='ocrx_word' id='word_1_41' title='bbox 1418 646 1502 673; x_wconf 89' lang='lat' dir='ltr'>non</span> <span class='ocrx_word' id='word_1_42' title='bbox 1535 629 1605 672; x_wconf 87' lang='lat' dir='ltr'>de-</span> 
     </span>
     <span class='ocr_line' id='line_1_6' title="bbox 117 698 1385 758; baseline 0.001 -15"><span class='ocrx_word' id='word_1_43' title='bbox 117 698 257 744; x_wconf 85' lang='lat' dir='ltr'>berem</span> <span class='ocrx_word' id='word_1_44' title='bbox 285 716 352 744; x_wconf 67' lang='lat' dir='ltr'>eas</span> <span class='ocrx_word' id='word_1_45' title='bbox 375 701 450 744; x_wconf 86' lang='lat' dir='ltr'>sibi</span> <span class='ocrx_word' id='word_1_46' title='bbox 477 702 712 758; x_wconf 84' lang='lat' dir='ltr'>persolvere</span> <span class='ocrx_word' id='word_1_47' title='bbox 735 702 839 744; x_wconf 88' lang='lat' dir='ltr'>sicut</span> <span class='ocrx_word' id='word_1_48' title='bbox 870 702 986 744; x_wconf 82' lang='lat' dir='ltr'>decet</span> <span class='ocrx_word' id='word_1_49' title='bbox 1018 703 1156 745; x_wconf 85' lang='lat' dir='ltr'>virum</span> <span class='ocrx_word' id='word_1_50' title='bbox 1190 703 1347 746; x_wconf 89' lang='lat' dir='ltr'>bonum</span> <span class='ocrx_word' id='word_1_51' title='bbox 1369 703 1385 744; x_wconf 69' lang='grc' dir='ltr'>ἓ</span> 
     </span>
    </p>

    <p class='ocr_par' dir='ltr' id='par_1_3' title="bbox 116 770 1607 1114">
     <span class='ocr_line' id='line_1_7' title="bbox 206 770 1607 829; baseline -0.001 -15"><span class='ocrx_word' id='word_1_52' title='bbox 206 771 336 829; x_wconf 86' lang='lat' dir='ltr'>Super</span> <span class='ocrx_word' id='word_1_53' title='bbox 363 771 471 814; x_wconf 87' lang='lat' dir='ltr'>hunc</span> <span class='ocrx_word' id='word_1_54' title='bbox 499 772 717 815; x_wconf 90' lang='lat' dir='ltr'>articulum</span> <span class='ocrx_word' id='word_1_55' title='bbox 744 770 922 814; x_wconf 81' lang='lat' dir='ltr'>breviter</span> <span class='ocrx_word' id='word_1_56' title='bbox 955 774 1008 815; x_wconf 83' lang='lat' dir='ltr'>ita</span> <span class='ocrx_word' id='word_1_57' title='bbox 1043 774 1355 826; x_wconf 61' lang='lat' dir='ltr'>sententiarum,</span> <span class='ocrx_word' id='word_1_58' title='bbox 1378 771 1490 829; x_wconf 88' lang='lat' dir='ltr'>quod</span> <span class='ocrx_word' id='word_1_59' title='bbox 1519 773 1607 814; x_wconf 75' lang='lat' dir='ltr'>An-</span> 
     </span>
     <span class='ocr_line' id='line_1_8' title="bbox 116 842 1607 901; baseline 0 -17"><span class='ocrx_word' id='word_1_60' title='bbox 116 842 255 885; x_wconf 89' lang='lat' dir='ltr'>tonius</span> <span class='ocrx_word' id='word_1_61' title='bbox 281 843 496 900; x_wconf 87' lang='lat' dir='ltr'>supparius</span> <span class='ocrx_word' id='word_1_62' title='bbox 526 842 648 886; x_wconf 88' lang='lat' dir='ltr'>debet</span> <span class='ocrx_word' id='word_1_63' title='bbox 673 843 735 885; x_wconf 91' lang='lat' dir='ltr'>ius</span> <span class='ocrx_word' id='word_1_64' title='bbox 769 858 891 886; x_wconf 94' lang='lat' dir='ltr'>suum</span> <span class='ocrx_word' id='word_1_65' title='bbox 924 842 973 886; x_wconf 88' lang='lat' dir='ltr'>ad</span> <span class='ocrx_word' id='word_1_66' title='bbox 1006 843 1085 886; x_wconf 88' lang='lat' dir='ltr'>hoc</span> <span class='ocrx_word' id='word_1_67' title='bbox 1118 843 1264 895; x_wconf 77' lang='lat' dir='ltr'>facere,</span> <span class='ocrx_word' id='word_1_68' title='bbox 1296 842 1407 901; x_wconf 87' lang='lat' dir='ltr'>quod</span> <span class='ocrx_word' id='word_1_69' title='bbox 1442 857 1607 885; x_wconf 86' lang='lat' dir='ltr'>memo-</span> 
     </span>
     <span class='ocr_line' id='line_1_9' title="bbox 118 912 1605 972; baseline 0 -18"><span class='ocrx_word' id='word_1_70' title='bbox 118 923 203 954; x_wconf 83' lang='lat' dir='ltr'>rata</span> <span class='ocrx_word' id='word_1_71' title='bbox 235 912 367 955; x_wconf 89' lang='lat' dir='ltr'>littera</span> <span class='ocrx_word' id='word_1_72' title='bbox 399 913 532 955; x_wconf 80' lang='lat' dir='ltr'>italica</span> <span class='ocrx_word' id='word_1_73' title='bbox 564 928 649 956; x_wconf 88' lang='lat' dir='ltr'>non</span> <span class='ocrx_word' id='word_1_74' title='bbox 671 924 731 956; x_wconf 92' lang='lat' dir='ltr'>est</span> <span class='ocrx_word' id='word_1_75' title='bbox 763 912 813 956; x_wconf 93' lang='lat' dir='ltr'>de</span> <span class='ocrx_word' id='word_1_76' title='bbox 841 929 965 956; x_wconf 83' lang='lat' dir='ltr'>manu</span> <span class='ocrx_word' id='word_1_77' title='bbox 993 929 1078 966; x_wconf 73' lang='lat' dir='ltr'>sua,</span> <span class='ocrx_word' id='word_1_78' title='bbox 1106 925 1145 956; x_wconf 87' lang='lat' dir='ltr'>et</span> <span class='ocrx_word' id='word_1_79' title='bbox 1171 914 1281 972; x_wconf 90' lang='lat' dir='ltr'>quod</span> <span class='ocrx_word' id='word_1_80' title='bbox 1310 915 1394 971; x_wconf 89' lang='lat' dir='ltr'>ipse</span> <span class='ocrx_word' id='word_1_81' title='bbox 1421 912 1605 956; x_wconf 89' lang='lat' dir='ltr'>debitum</span> 
     </span>
     <span class='ocr_line' id='line_1_10' title="bbox 118 982 1606 1042; baseline 0.001 -17"><span class='ocrx_word' id='word_1_82' title='bbox 118 982 217 1026; x_wconf 90' lang='lat' dir='ltr'>illud</span> <span class='ocrx_word' id='word_1_83' title='bbox 250 999 335 1026; x_wconf 90' lang='lat' dir='ltr'>non</span> <span class='ocrx_word' id='word_1_84' title='bbox 366 994 528 1026; x_wconf 89' lang='lat' dir='ltr'>tenetur</span> <span class='ocrx_word' id='word_1_85' title='bbox 559 995 599 1027; x_wconf 90' lang='lat' dir='ltr'>et</span> <span class='ocrx_word' id='word_1_86' title='bbox 630 984 834 1027; x_wconf 72' lang='lat' dir='ltr'>Iohannes</span> <span class='ocrx_word' id='word_1_87' title='bbox 868 985 980 1027; x_wconf 79' lang='lat' dir='ltr'>Bank</span> <span class='ocrx_word' id='word_1_88' title='bbox 1012 983 1131 1028; x_wconf 88' lang='lat' dir='ltr'>debet</span> <span class='ocrx_word' id='word_1_89' title='bbox 1172 985 1374 1042; x_wconf 79' lang='lat' dir='ltr'>predictas</span> <span class='ocrx_word' id='word_1_90' title='bbox 1416 999 1479 1027; x_wconf 84' lang='lat' dir='ltr'>res</span> <span class='ocrx_word' id='word_1_91' title='bbox 1521 985 1606 1026; x_wconf 88' lang='lat' dir='ltr'>sive</span> 
     </span>
     <span class='ocr_line' id='line_1_11' title="bbox 119 1057 1549 1114; baseline -0.001 -14"><span class='ocrx_word' id='word_1_92' title='bbox 119 1071 280 1100; x_wconf 86' lang='lat' dir='ltr'><strong>merces</strong></span> <span class='ocrx_word' id='word_1_93' title='bbox 305 1068 489 1114; x_wconf 91' lang='lat' dir='ltr'>repetere</span> <span class='ocrx_word' id='word_1_94' title='bbox 521 1057 708 1100; x_wconf 79' lang='lat' dir='ltr'>venetiis</span> <span class='ocrx_word' id='word_1_95' title='bbox 734 1073 755 1100; x_wconf 78' lang='lat' dir='ltr'>a</span> <span class='ocrx_word' id='word_1_96' title='bbox 783 1057 986 1100; x_wconf 86' lang='lat' dir='ltr'>Michaele</span> <span class='ocrx_word' id='word_1_97' title='bbox 1013 1057 1135 1100; x_wconf 72' lang='lat' dir='ltr'>fratre</span> <span class='ocrx_word' id='word_1_98' title='bbox 1162 1058 1334 1100; x_wconf 84' lang='lat' dir='ltr'>Antonii</span> <span class='ocrx_word' id='word_1_99' title='bbox 1358 1057 1549 1114; x_wconf 84' lang='lat' dir='ltr'>supparii.</span> 
     </span>
    </p>

    <p class='ocr_par' dir='ltr' id='par_1_4' title="bbox 118 1128 1612 1398">
     <span class='ocr_line' id='line_1_12' title="bbox 207 1128 1610 1186; baseline -0.001 -14"><span class='ocrx_word' id='word_1_100' title='bbox 207 1129 312 1172; x_wconf 86' lang='lat' dir='ltr'><strong>Item</strong></span> <span class='ocrx_word' id='word_1_101' title='bbox 334 1129 685 1172; x_wconf 86' lang='lat' dir='ltr'>commemoravit</span> <span class='ocrx_word' id='word_1_102' title='bbox 706 1128 912 1172; x_wconf 81' lang='lat' dir='ltr'>Iohannes</span> <span class='ocrx_word' id='word_1_103' title='bbox 939 1128 1054 1172; x_wconf 82' lang='lat' dir='ltr'>Bank</span> <span class='ocrx_word' id='word_1_104' title='bbox 1085 1141 1136 1185; x_wconf 81' lang='lat'>30</span> <span class='ocrx_word' id='word_1_105' title='bbox 1161 1144 1321 1172; x_wconf 85' lang='lat' dir='ltr'>marcas</span> <span class='ocrx_word' id='word_1_106' title='bbox 1347 1142 1610 1186; x_wconf 87' lang='lat' dir='ltr'>grossorum,</span> 
     </span>
     <span class='ocr_line' id='line_1_13' title="bbox 118 1199 1612 1258; baseline -0.001 -16"><span class='ocrx_word' id='word_1_107' title='bbox 118 1214 219 1258; x_wconf 87' lang='lat' dir='ltr'>quas</span> <span class='ocrx_word' id='word_1_108' title='bbox 249 1200 337 1257; x_wconf 93' lang='lat' dir='ltr'>ipse</span> <span class='ocrx_word' id='word_1_109' title='bbox 369 1199 561 1242; x_wconf 75' lang='lat' dir='ltr'>solvisset</span> <span class='ocrx_word' id='word_1_110' title='bbox 594 1200 738 1243; x_wconf 90' lang='lat' dir='ltr'>Pironi</span> <span class='ocrx_word' id='word_1_111' title='bbox 771 1215 846 1257; x_wconf 91' lang='lat' dir='ltr'>pro</span> <span class='ocrx_word' id='word_1_112' title='bbox 873 1201 1060 1242; x_wconf 86' lang='lat' dir='ltr'>Antonio</span> <span class='ocrx_word' id='word_1_113' title='bbox 1092 1201 1298 1257; x_wconf 87' lang='lat' dir='ltr'>suppario.</span> <span class='ocrx_word' id='word_1_114' title='bbox 1322 1200 1421 1242; x_wconf 91' lang='lat' dir='ltr'>Non</span> <span class='ocrx_word' id='word_1_115' title='bbox 1447 1209 1612 1242; x_wconf 87' lang='lat' dir='ltr'>contra-</span> 
     </span>
     <span class='ocr_line' id='line_1_14' title="bbox 119 1269 1610 1328; baseline -0.001 -15"><span class='ocrx_word' id='word_1_116' title='bbox 119 1270 222 1314; x_wconf 83' lang='lat' dir='ltr'>dixit</span> <span class='ocrx_word' id='word_1_117' title='bbox 240 1271 464 1322; x_wconf 81' lang='lat' dir='ltr'>Antonius,</span> <span class='ocrx_word' id='word_1_118' title='bbox 487 1270 557 1313; x_wconf 90' lang='lat' dir='ltr'>sed</span> <span class='ocrx_word' id='word_1_119' title='bbox 585 1271 776 1328; x_wconf 84' lang='lat' dir='ltr'>promisit</span> <span class='ocrx_word' id='word_1_120' title='bbox 802 1286 869 1313; x_wconf 85' lang='lat' dir='ltr'>eas</span> <span class='ocrx_word' id='word_1_121' title='bbox 892 1271 968 1313; x_wconf 87' lang='lat' dir='ltr'>sibi</span> <span class='ocrx_word' id='word_1_122' title='bbox 990 1269 1206 1323; x_wconf 80' lang='lat' dir='ltr'>defalcare,</span> <span class='ocrx_word' id='word_1_123' title='bbox 1230 1271 1262 1313; x_wconf 80' lang='lat' dir='ltr'>si</span> <span class='ocrx_word' id='word_1_124' title='bbox 1286 1281 1324 1312; x_wconf 91' lang='lat' dir='ltr'>et</span> <span class='ocrx_word' id='word_1_125' title='bbox 1347 1271 1389 1312; x_wconf 93' lang='lat' dir='ltr'>in</span> <span class='ocrx_word' id='word_1_126' title='bbox 1410 1281 1610 1327; x_wconf 79' lang='lat' dir='ltr'>quantum</span> 
     </span>
     <span class='ocr_line' id='line_1_15' title="bbox 120 1339 1612 1398; baseline -0.001 -15"><span class='ocrx_word' id='word_1_127' title='bbox 120 1339 366 1384; x_wconf 45' lang='lat' dir='ltr'>dictus‘Piro</span> <span class='ocrx_word' id='word_1_128' title='bbox 379 1342 514 1398; x_wconf 87' lang='lat' dir='ltr'>ipsum</span> <span class='ocrx_word' id='word_1_129' title='bbox 530 1341 760 1384; x_wconf 88' lang='lat' dir='ltr'>Antonium</span> <span class='ocrx_word' id='word_1_130' title='bbox 779 1340 829 1384; x_wconf 87' lang='lat' dir='ltr'>de</span> <span class='ocrx_word' id='word_1_131' title='bbox 844 1340 992 1384; x_wconf 89' lang='lat' dir='ltr'>eodem</span> <span class='ocrx_word' id='word_1_132' title='bbox 1006 1340 1144 1384; x_wconf 90' lang='lat' dir='ltr'>debito</span> <span class='ocrx_word' id='word_1_133' title='bbox 1163 1339 1350 1383; x_wconf 85' lang='lat' dir='ltr'>habuerit</span> <span class='ocrx_word' id='word_1_134' title='bbox 1361 1339 1612 1382; x_wconf 84' lang='lat' dir='ltr'>absolutum.</span> 
     </span>
    </p>

    <p class='ocr_par' dir='ltr' id='par_1_5' title="bbox 121 1411 1617 1952">
     <span class='ocr_line' id='line_1_16' title="bbox 209 1411 1614 1469; baseline -0.001 -15"><span class='ocrx_word' id='word_1_135' title='bbox 209 1411 315 1455; x_wconf 89' lang='lat' dir='ltr'>Item</span> <span class='ocrx_word' id='word_1_136' title='bbox 347 1412 698 1455; x_wconf 87' lang='lat' dir='ltr'>commemoravit</span> <span class='ocrx_word' id='word_1_137' title='bbox 728 1425 780 1468; x_wconf 79' lang='lat'>50</span> <span class='ocrx_word' id='word_1_138' title='bbox 807 1427 968 1454; x_wconf 82' lang='lat' dir='ltr'>marcas</span> <span class='ocrx_word' id='word_1_139' title='bbox 993 1426 1254 1469; x_wconf 88' lang='lat' dir='ltr'>grossorum,</span> <span class='ocrx_word' id='word_1_140' title='bbox 1277 1426 1377 1469; x_wconf 82' lang='lat' dir='ltr'>quas</span> <span class='ocrx_word' id='word_1_141' title='bbox 1405 1411 1614 1453; x_wconf 88' lang='lat' dir='ltr'>Antonius</span> 
     </span>
     <span class='ocr_line' id='line_1_17' title="bbox 121 1481 1614 1541; baseline -0.001 -15"><span class='ocrx_word' id='word_1_142' title='bbox 121 1484 337 1541; x_wconf 87' lang='lat' dir='ltr'>supparius</span> <span class='ocrx_word' id='word_1_143' title='bbox 361 1482 570 1527; x_wconf 84' lang='lat' dir='ltr'>debuisset</span> <span class='ocrx_word' id='word_1_144' title='bbox 596 1483 759 1526; x_wconf 82' lang='lat' dir='ltr'>solvere</span> <span class='ocrx_word' id='word_1_145' title='bbox 783 1484 824 1526; x_wconf 89' lang='lat' dir='ltr'>in</span> <span class='ocrx_word' id='word_1_146' title='bbox 853 1482 991 1526; x_wconf 89' lang='lat' dir='ltr'>medio</span> <span class='ocrx_word' id='word_1_147' title='bbox 1019 1497 1127 1525; x_wconf 88' lang='lat' dir='ltr'>nunc</span> <span class='ocrx_word' id='word_1_148' title='bbox 1150 1481 1463 1540; x_wconf 81' lang='lat' dir='ltr'>quadragesime</span> <span class='ocrx_word' id='word_1_149' title='bbox 1490 1482 1614 1524; x_wconf 88' lang='lat' dir='ltr'>Petro</span> 
     </span>
     <span class='ocr_line' id='line_1_18' title="bbox 121 1552 1614 1611; baseline -0.002 -14"><span class='ocrx_word' id='word_1_150' title='bbox 121 1553 306 1597; x_wconf 89' lang='lat' dir='ltr'>Ioachim</span> <span class='ocrx_word' id='word_1_151' title='bbox 329 1569 378 1597; x_wconf 87' lang='lat' dir='ltr'>ex</span> <span class='ocrx_word' id='word_1_152' title='bbox 405 1565 517 1611; x_wconf 82' lang='lat' dir='ltr'>parte</span> <span class='ocrx_word' id='word_1_153' title='bbox 540 1553 690 1597; x_wconf 82' lang='lat' dir='ltr'>Dawid</span> <span class='ocrx_word' id='word_1_154' title='bbox 718 1553 925 1598; x_wconf 88' lang='lat' dir='ltr'>Rosinfelt</span> <span class='ocrx_word' id='word_1_155' title='bbox 945 1554 987 1596; x_wconf 88' lang='lat' dir='ltr'>in</span> <span class='ocrx_word' id='word_1_156' title='bbox 1011 1553 1368 1610; x_wconf 85' lang='lat' dir='ltr'>complementum</span> <span class='ocrx_word' id='word_1_157' title='bbox 1395 1552 1614 1595; x_wconf 88' lang='lat' dir='ltr'>solutionis</span> 
     </span>
     <span class='ocr_line' id='line_1_19' title="bbox 122 1624 1616 1683; baseline -0.002 -15"><span class='ocrx_word' id='word_1_158' title='bbox 122 1624 274 1668; x_wconf 87' lang='lat' dir='ltr'>domus</span> <span class='ocrx_word' id='word_1_159' title='bbox 306 1625 435 1683; x_wconf 88' lang='lat' dir='ltr'>ipsius</span> <span class='ocrx_word' id='word_1_160' title='bbox 467 1626 654 1668; x_wconf 86' lang='lat' dir='ltr'>Antonii.</span> <span class='ocrx_word' id='word_1_161' title='bbox 690 1624 819 1678; x_wconf 87' lang='lat' dir='ltr'>Quod</span> <span class='ocrx_word' id='word_1_162' title='bbox 853 1625 905 1667; x_wconf 82' lang='lat' dir='ltr'>ita</span> <span class='ocrx_word' id='word_1_163' title='bbox 937 1624 1168 1667; x_wconf 80' lang='lat' dir='ltr'>decidimus</span> <span class='ocrx_word' id='word_1_164' title='bbox 1201 1635 1240 1666; x_wconf 90' lang='lat' dir='ltr'>et</span> <span class='ocrx_word' id='word_1_165' title='bbox 1273 1625 1482 1666; x_wconf 86' lang='lat' dir='ltr'>Antonius</span> <span class='ocrx_word' id='word_1_166' title='bbox 1521 1638 1616 1680; x_wconf 89' lang='lat' dir='ltr'>sup-</span> 
     </span>
     <span class='ocr_line' id='line_1_20' title="bbox 123 1694 1615 1753; baseline -0.001 -15"><span class='ocrx_word' id='word_1_167' title='bbox 123 1697 260 1753; x_wconf 88' lang='lat' dir='ltr'>parius</span> <span class='ocrx_word' id='word_1_168' title='bbox 288 1696 376 1739; x_wconf 90' lang='lat' dir='ltr'>vult</span> <span class='ocrx_word' id='word_1_169' title='bbox 409 1696 488 1739; x_wconf 92' lang='lat' dir='ltr'>hoc</span> <span class='ocrx_word' id='word_1_170' title='bbox 520 1697 645 1740; x_wconf 87' lang='lat' dir='ltr'>etiam</span> <span class='ocrx_word' id='word_1_171' title='bbox 679 1695 852 1738; x_wconf 78' lang='lat' dir='ltr'>libenter</span> <span class='ocrx_word' id='word_1_172' title='bbox 879 1695 1025 1748; x_wconf 86' lang='lat' dir='ltr'>facere,</span> <span class='ocrx_word' id='word_1_173' title='bbox 1052 1694 1163 1752; x_wconf 88' lang='lat' dir='ltr'>quod</span> <span class='ocrx_word' id='word_1_174' title='bbox 1197 1696 1230 1738; x_wconf 91' lang='lat' dir='ltr'>si</span> <span class='ocrx_word' id='word_1_175' title='bbox 1263 1695 1467 1737; x_wconf 87' lang='lat' dir='ltr'>Iohannes</span> <span class='ocrx_word' id='word_1_176' title='bbox 1501 1694 1615 1736; x_wconf 84' lang='lat' dir='ltr'>Bank</span> 
     </span>
     <span class='ocr_line' id='line_1_21' title="bbox 124 1764 1615 1825; baseline -0.003 -15"><span class='ocrx_word' id='word_1_177' title='bbox 124 1767 274 1824; x_wconf 92' lang='lat' dir='ltr'>poterit</span> <span class='ocrx_word' id='word_1_178' title='bbox 294 1767 432 1824; x_wconf 87' lang='lat' dir='ltr'>ipsum</span> <span class='ocrx_word' id='word_1_179' title='bbox 454 1768 690 1810; x_wconf 88' lang='lat' dir='ltr'>Antonium</span> <span class='ocrx_word' id='word_1_180' title='bbox 723 1767 887 1825; x_wconf 89' lang='lat' dir='ltr'>quitum</span> <span class='ocrx_word' id='word_1_181' title='bbox 920 1765 1052 1809; x_wconf 85' lang='lat' dir='ltr'>facere</span> <span class='ocrx_word' id='word_1_182' title='bbox 1075 1782 1095 1809; x_wconf 86' lang='lat' dir='ltr'>a</span> <span class='ocrx_word' id='word_1_183' title='bbox 1118 1765 1391 1809; x_wconf 88' lang='lat' dir='ltr'>creditoribus</span> <span class='ocrx_word' id='word_1_184' title='bbox 1409 1764 1615 1822; x_wconf 83' lang='lat' dir='ltr'>predictis,</span> 
     </span>
     <span class='ocr_line' id='line_1_22' title="bbox 122 1836 1617 1894; baseline -0.002 -13"><span class='ocrx_word' id='word_1_185' title='bbox 122 1850 220 1882; x_wconf 89' lang='lat' dir='ltr'>tunc</span> <span class='ocrx_word' id='word_1_186' title='bbox 246 1837 366 1881; x_wconf 90' lang='lat' dir='ltr'>debet</span> <span class='ocrx_word' id='word_1_187' title='bbox 391 1850 431 1881; x_wconf 89' lang='lat' dir='ltr'>et</span> <span class='ocrx_word' id='word_1_188' title='bbox 457 1838 544 1881; x_wconf 91' lang='lat' dir='ltr'>vult</span> <span class='ocrx_word' id='word_1_189' title='bbox 571 1839 607 1881; x_wconf 93' lang='lat' dir='ltr'>ei</span> <span class='ocrx_word' id='word_1_190' title='bbox 634 1836 745 1881; x_wconf 86' lang='lat' dir='ltr'>idem</span> <span class='ocrx_word' id='word_1_191' title='bbox 767 1838 976 1882; x_wconf 81' lang='lat' dir='ltr'>Antonius</span> <span class='ocrx_word' id='word_1_192' title='bbox 1004 1836 1178 1880; x_wconf 80' lang='lat' dir='ltr'>eandem</span> <span class='ocrx_word' id='word_1_193' title='bbox 1213 1838 1431 1894; x_wconf 88' lang='lat' dir='ltr'>pecuniam</span> <span class='ocrx_word' id='word_1_194' title='bbox 1464 1837 1506 1878; x_wconf 91' lang='lat' dir='ltr'>in</span> <span class='ocrx_word' id='word_1_195' title='bbox 1532 1836 1617 1878; x_wconf 89' lang='lat' dir='ltr'>suis</span> 
     </span>
     <span class='ocr_line' id='line_1_23' title="bbox 123 1907 520 1952; baseline 0 -1"><span class='ocrx_word' id='word_1_196' title='bbox 123 1907 271 1952; x_wconf 91' lang='lat' dir='ltr'>debitis</span> <span class='ocrx_word' id='word_1_197' title='bbox 302 1908 520 1952; x_wconf 89' lang='lat' dir='ltr'>defalcare.</span> 
     </span>
    </p>

    <p class='ocr_par' dir='ltr' id='par_1_6' title="bbox 125 1978 1620 2166">
     <span class='ocr_line' id='line_1_24' title="bbox 214 1978 1618 2038; baseline -0.001 -15"><span class='ocrx_word' id='word_1_198' title='bbox 214 1979 580 2024; x_wconf 80' lang='lat' dir='ltr'>Commemoravit</span> <span class='ocrx_word' id='word_1_199' title='bbox 612 1992 796 2038; x_wconf 83' lang='lat' dir='ltr'>preterea</span> <span class='ocrx_word' id='word_1_200' title='bbox 829 1981 881 2036; x_wconf 76' lang='lat'>48</span> <span class='ocrx_word' id='word_1_201' title='bbox 919 1995 1078 2023; x_wconf 83' lang='lat' dir='ltr'>marcas</span> <span class='ocrx_word' id='word_1_202' title='bbox 1111 1995 1244 2038; x_wconf 87' lang='lat' dir='ltr'>gross.</span> <span class='ocrx_word' id='word_1_203' title='bbox 1272 1995 1348 2037; x_wconf 92' lang='lat' dir='ltr'>pro</span> <span class='ocrx_word' id='word_1_204' title='bbox 1375 1978 1618 2022; x_wconf 83' lang='lat' dir='ltr'>staminibus</span> 
     </span>
     <span class='ocr_line' id='line_1_25' title="bbox 125 2049 1620 2110; baseline -0.001 -16"><span class='ocrx_word' id='word_1_205' title='bbox 125 2051 448 2104; x_wconf 88' lang='lat' dir='ltr'>sittamensibus‚</span> <span class='ocrx_word' id='word_1_206' title='bbox 480 2051 591 2110; x_wconf 87' lang='lat' dir='ltr'>quod</span> <span class='ocrx_word' id='word_1_207' title='bbox 624 2052 833 2095; x_wconf 82' lang='lat' dir='ltr'>Antonius</span> <span class='ocrx_word' id='word_1_208' title='bbox 856 2052 1102 2109; x_wconf 71' lang='lat' dir='ltr'>recognovit</span> <span class='ocrx_word' id='word_1_209' title='bbox 1123 2062 1163 2094; x_wconf 93' lang='lat' dir='ltr'>et</span> <span class='ocrx_word' id='word_1_210' title='bbox 1189 2051 1278 2094; x_wconf 79' lang='lat' dir='ltr'>vult</span> <span class='ocrx_word' id='word_1_211' title='bbox 1305 2049 1382 2094; x_wconf 90' lang='lat' dir='ltr'>sibi</span> <span class='ocrx_word' id='word_1_212' title='bbox 1409 2066 1476 2094; x_wconf 82' lang='lat' dir='ltr'>eas</span> <span class='ocrx_word' id='word_1_213' title='bbox 1505 2051 1620 2093; x_wconf 90' lang='lat' dir='ltr'>simi-</span> 
     </span>
     <span class='ocr_line' id='line_1_26' title="bbox 126 2121 462 2166; baseline 0 -2"><span class='ocrx_word' id='word_1_214' title='bbox 126 2122 217 2165; x_wconf 90' lang='lat' dir='ltr'>liter</span> <span class='ocrx_word' id='word_1_215' title='bbox 247 2121 462 2166; x_wconf 86' lang='lat' dir='ltr'>defalcare.</span> 
     </span>
    </p>

    <p class='ocr_par' dir='ltr' id='par_1_7' title="bbox 127 2191 1620 2392">
     <span class='ocr_line' id='line_1_27' title="bbox 211 2191 1618 2250; baseline -0.002 -14"><span class='ocrx_word' id='word_1_216' title='bbox 211 2192 370 2236; x_wconf 90' lang='lat' dir='ltr'>Rursus</span> <span class='ocrx_word' id='word_1_217' title='bbox 397 2204 539 2235; x_wconf 87' lang='lat' dir='ltr'>contra</span> <span class='ocrx_word' id='word_1_218' title='bbox 567 2208 664 2235; x_wconf 88' lang='lat' dir='ltr'>eum</span> <span class='ocrx_word' id='word_1_219' title='bbox 696 2193 914 2250; x_wconf 89' lang='lat' dir='ltr'>proposuit</span> <span class='ocrx_word' id='word_1_220' title='bbox 945 2193 995 2235; x_wconf 91' lang='lat' dir='ltr'>de</span> <span class='ocrx_word' id='word_1_221' title='bbox 1031 2205 1108 2248; x_wconf 78' lang='lat'>104</span> <span class='ocrx_word' id='word_1_222' title='bbox 1142 2191 1281 2236; x_wconf 87' lang='lat' dir='ltr'>bancis</span> <span class='ocrx_word' id='word_1_223' title='bbox 1314 2192 1423 2245; x_wconf 82' lang='lat' dir='ltr'>salis,</span> <span class='ocrx_word' id='word_1_224' title='bbox 1449 2207 1550 2250; x_wconf 85' lang='lat' dir='ltr'>quas</span> <span class='ocrx_word' id='word_1_225' title='bbox 1583 2192 1618 2234; x_wconf 92' lang='lat' dir='ltr'>ei</span> 
     </span>
     <span class='ocr_line' id='line_1_28' title="bbox 127 2261 1620 2320; baseline -0.001 -14"><span class='ocrx_word' id='word_1_226' title='bbox 127 2261 392 2316; x_wconf 90' lang='lat' dir='ltr'>vendidisset,</span> <span class='ocrx_word' id='word_1_227' title='bbox 432 2262 543 2320; x_wconf 91' lang='lat' dir='ltr'>quod</span> <span class='ocrx_word' id='word_1_228' title='bbox 584 2264 793 2306; x_wconf 88' lang='lat' dir='ltr'>Antonius</span> <span class='ocrx_word' id='word_1_229' title='bbox 825 2278 911 2306; x_wconf 90' lang='lat' dir='ltr'>non</span> <span class='ocrx_word' id='word_1_230' title='bbox 943 2263 1188 2320; x_wconf 84' lang='lat' dir='ltr'>recognovit</span> <span class='ocrx_word' id='word_1_231' title='bbox 1225 2274 1264 2306; x_wconf 89' lang='lat' dir='ltr'>et</span> <span class='ocrx_word' id='word_1_232' title='bbox 1297 2261 1390 2305; x_wconf 89' lang='lat' dir='ltr'>ideo</span> <span class='ocrx_word' id='word_1_233' title='bbox 1421 2262 1540 2305; x_wconf 89' lang='lat' dir='ltr'>debet</span> <span class='ocrx_word' id='word_1_234' title='bbox 1581 2273 1620 2304; x_wconf 94' lang='lat' dir='ltr'>et</span> 
     </span>
     <span class='ocr_line' id='line_1_29' title="bbox 127 2333 967 2392; baseline 0 -16"><span class='ocrx_word' id='word_1_235' title='bbox 127 2334 215 2378; x_wconf 83' lang='lat' dir='ltr'>vult</span> <span class='ocrx_word' id='word_1_236' title='bbox 241 2335 379 2392; x_wconf 90' lang='lat' dir='ltr'>ipsum</span> <span class='ocrx_word' id='word_1_237' title='bbox 411 2333 584 2378; x_wconf 75' lang='lat' dir='ltr'>evadere</span> <span class='ocrx_word' id='word_1_238' title='bbox 611 2350 688 2378; x_wconf 91' lang='lat' dir='ltr'>suo</span> <span class='ocrx_word' id='word_1_239' title='bbox 719 2336 967 2378; x_wconf 83' lang='lat' dir='ltr'>iuramento.</span> 
     </span>
    </p>

    <p class='ocr_par' dir='ltr' id='par_1_8' title="bbox 129 2404 1623 2818">
     <span class='ocr_line' id='line_1_30' title="bbox 217 2404 1620 2463; baseline -0.001 -15"><span class='ocrx_word' id='word_1_240' title='bbox 217 2405 267 2448; x_wconf 89' lang='lat' dir='ltr'>Et</span> <span class='ocrx_word' id='word_1_241' title='bbox 301 2406 439 2463; x_wconf 89' lang='lat' dir='ltr'>posuit</span> <span class='ocrx_word' id='word_1_242' title='bbox 479 2406 603 2449; x_wconf 86' lang='lat' dir='ltr'>etiam</span> <span class='ocrx_word' id='word_1_243' title='bbox 645 2405 695 2449; x_wconf 93' lang='lat' dir='ltr'>de</span> <span class='ocrx_word' id='word_1_244' title='bbox 731 2406 782 2448; x_wconf 87' lang='lat'>28</span> <span class='ocrx_word' id='word_1_245' title='bbox 827 2405 1011 2458; x_wconf 89' lang='lat' dir='ltr'>florenis,</span> <span class='ocrx_word' id='word_1_246' title='bbox 1044 2419 1150 2462; x_wconf 90' lang='lat' dir='ltr'>quos</span> <span class='ocrx_word' id='word_1_247' title='bbox 1177 2406 1263 2462; x_wconf 92' lang='lat' dir='ltr'>ipse</span> <span class='ocrx_word' id='word_1_248' title='bbox 1289 2404 1401 2448; x_wconf 88' lang='lat' dir='ltr'>dicto</span> <span class='ocrx_word' id='word_1_249' title='bbox 1434 2405 1620 2447; x_wconf 88' lang='lat' dir='ltr'>Antonio</span> 
     </span>
     <span class='ocr_line' id='line_1_31' title="bbox 129 2474 1622 2534; baseline -0.001 -15"><span class='ocrx_word' id='word_1_250' title='bbox 129 2487 358 2519; x_wconf 89' lang='lat' dir='ltr'>mutuasset</span> <span class='ocrx_word' id='word_1_251' title='bbox 383 2492 458 2534; x_wconf 91' lang='lat' dir='ltr'>pro</span> <span class='ocrx_word' id='word_1_252' title='bbox 483 2476 729 2520; x_wconf 90' lang='lat' dir='ltr'>deductione</span> <span class='ocrx_word' id='word_1_253' title='bbox 756 2478 959 2520; x_wconf 90' lang='lat' dir='ltr'>mercium</span> <span class='ocrx_word' id='word_1_254' title='bbox 989 2490 1157 2518; x_wconf 83' lang='lat' dir='ltr'>suarum</span> <span class='ocrx_word' id='word_1_255' title='bbox 1182 2491 1252 2533; x_wconf 90' lang='lat' dir='ltr'>per</span> <span class='ocrx_word' id='word_1_256' title='bbox 1275 2475 1548 2518; x_wconf 88' lang='lat' dir='ltr'>Henselinum</span> <span class='ocrx_word' id='word_1_257' title='bbox 1571 2474 1622 2518; x_wconf 94' lang='lat' dir='ltr'>de</span> 
     </span>
     <span class='ocr_line' id='line_1_32' title="bbox 129 2545 1623 2605; baseline -0.001 -14"><span class='ocrx_word' id='word_1_258' title='bbox 129 2547 256 2600; x_wconf 83' lang='lat' dir='ltr'>Rosa,</span> <span class='ocrx_word' id='word_1_259' title='bbox 288 2547 399 2605; x_wconf 89' lang='lat' dir='ltr'>quod</span> <span class='ocrx_word' id='word_1_260' title='bbox 427 2549 636 2591; x_wconf 88' lang='lat' dir='ltr'>Antonius</span> <span class='ocrx_word' id='word_1_261' title='bbox 669 2548 858 2591; x_wconf 90' lang='lat' dir='ltr'>similiter</span> <span class='ocrx_word' id='word_1_262' title='bbox 885 2563 970 2590; x_wconf 91' lang='lat' dir='ltr'>non</span> <span class='ocrx_word' id='word_1_263' title='bbox 993 2549 1251 2604; x_wconf 85' lang='lat' dir='ltr'>recognovit,</span> <span class='ocrx_word' id='word_1_264' title='bbox 1284 2547 1439 2598; x_wconf 85' lang='lat' dir='ltr'>dicens,</span> <span class='ocrx_word' id='word_1_265' title='bbox 1473 2545 1550 2589; x_wconf 91' lang='lat' dir='ltr'>sibi</span> <span class='ocrx_word' id='word_1_266' title='bbox 1573 2546 1623 2589; x_wconf 89' lang='lat' dir='ltr'>de</span> 
     </span>
     <span class='ocr_line' id='line_1_33' title="bbox 129 2618 1619 2676; baseline -0.002 -14"><span class='ocrx_word' id='word_1_267' title='bbox 129 2618 208 2662; x_wconf 93' lang='lat' dir='ltr'>hoc</span> <span class='ocrx_word' id='word_1_268' title='bbox 235 2618 360 2662; x_wconf 86' lang='lat' dir='ltr'>nichil</span> <span class='ocrx_word' id='word_1_269' title='bbox 384 2630 588 2663; x_wconf 86' lang='lat' dir='ltr'>constare.</span> <span class='ocrx_word' id='word_1_270' title='bbox 616 2619 667 2662; x_wconf 87' lang='lat' dir='ltr'>Et</span> <span class='ocrx_word' id='word_1_271' title='bbox 693 2635 789 2662; x_wconf 89' lang='lat' dir='ltr'>cum</span> <span class='ocrx_word' id='word_1_272' title='bbox 813 2620 899 2676; x_wconf 89' lang='lat' dir='ltr'>ipse</span> <span class='ocrx_word' id='word_1_273' title='bbox 926 2619 1134 2661; x_wconf 85' lang='lat' dir='ltr'>Antonius</span> <span class='ocrx_word' id='word_1_274' title='bbox 1162 2634 1282 2675; x_wconf 92' lang='lat' dir='ltr'>super</span> <span class='ocrx_word' id='word_1_275' title='bbox 1305 2618 1384 2660; x_wconf 88' lang='lat' dir='ltr'>hoc</span> <span class='ocrx_word' id='word_1_276' title='bbox 1411 2619 1474 2660; x_wconf 90' lang='lat' dir='ltr'>ius</span> <span class='ocrx_word' id='word_1_277' title='bbox 1498 2633 1619 2660; x_wconf 92' lang='lat' dir='ltr'>suum</span> 
     </span>
     <span class='ocr_line' id='line_1_34' title="bbox 131 2686 1621 2743; baseline -0.001 -11"><span class='ocrx_word' id='word_1_278' title='bbox 131 2688 264 2732; x_wconf 87' lang='lat' dir='ltr'>facere</span> <span class='ocrx_word' id='word_1_279' title='bbox 294 2689 431 2743; x_wconf 85' lang='lat' dir='ltr'>vellet,</span> <span class='ocrx_word' id='word_1_280' title='bbox 472 2690 632 2732; x_wconf 92' lang='lat' dir='ltr'>remisit</span> <span class='ocrx_word' id='word_1_281' title='bbox 663 2690 700 2732; x_wconf 90' lang='lat' dir='ltr'>ei</span> <span class='ocrx_word' id='word_1_282' title='bbox 731 2688 938 2732; x_wconf 85' lang='lat' dir='ltr'>Iohannes</span> <span class='ocrx_word' id='word_1_283' title='bbox 971 2688 1087 2731; x_wconf 84' lang='lat' dir='ltr'>Bank</span> <span class='ocrx_word' id='word_1_284' title='bbox 1120 2689 1414 2731; x_wconf 86' lang='lat' dir='ltr'>iuramentum.</span> <span class='ocrx_word' id='word_1_285' title='bbox 1453 2688 1503 2730; x_wconf 88' lang='lat' dir='ltr'>Et</span> <span class='ocrx_word' id='word_1_286' title='bbox 1529 2686 1621 2730; x_wconf 88' lang='lat' dir='ltr'>ideo</span> 
     </span>
     <span class='ocr_line' id='line_1_35' title="bbox 130 2759 1458 2818; baseline -0.002 -15"><span class='ocrx_word' id='word_1_287' title='bbox 130 2760 269 2817; x_wconf 91' lang='lat' dir='ltr'>ipsum</span> <span class='ocrx_word' id='word_1_288' title='bbox 294 2761 528 2804; x_wconf 90' lang='lat' dir='ltr'>Antonium</span> <span class='ocrx_word' id='word_1_289' title='bbox 555 2759 604 2803; x_wconf 90' lang='lat' dir='ltr'>ab</span> <span class='ocrx_word' id='word_1_290' title='bbox 631 2759 706 2803; x_wconf 88' lang='lat' dir='ltr'>hac</span> <span class='ocrx_word' id='word_1_291' title='bbox 737 2760 903 2818; x_wconf 89' lang='lat' dir='ltr'>querela</span> <span class='ocrx_word' id='word_1_292' title='bbox 935 2759 1112 2803; x_wconf 90' lang='lat' dir='ltr'>liberum</span> <span class='ocrx_word' id='word_1_293' title='bbox 1145 2759 1458 2802; x_wconf 84' lang='lat' dir='ltr'>sententiamus.</span> 
     </span>
    </p>

    <p class='ocr_par' dir='ltr' id='par_1_9' title="bbox 130 2830 1621 2960">
     <span class='ocr_line' id='line_1_36' title="bbox 219 2830 1621 2889; baseline -0.002 -15"><span class='ocrx_word' id='word_1_294' title='bbox 219 2830 378 2874; x_wconf 85' lang='lat' dir='ltr'>Ultima</span> <span class='ocrx_word' id='word_1_295' title='bbox 415 2830 491 2874; x_wconf 90' lang='lat' dir='ltr'>fuit</span> <span class='ocrx_word' id='word_1_296' title='bbox 522 2832 752 2889; x_wconf 89' lang='lat' dir='ltr'>propositio</span> <span class='ocrx_word' id='word_1_297' title='bbox 794 2830 844 2873; x_wconf 90' lang='lat' dir='ltr'>de</span> <span class='ocrx_word' id='word_1_298' title='bbox 879 2843 927 2886; x_wconf 85' lang='lat'>23</span> <span class='ocrx_word' id='word_1_299' title='bbox 958 2832 1009 2886; x_wconf 56' lang='lat' dir='ltr'>&#39;fa</span> <span class='ocrx_word' id='word_1_300' title='bbox 1042 2831 1193 2872; x_wconf 80' lang='lat' dir='ltr'>marcis</span> <span class='ocrx_word' id='word_1_301' title='bbox 1236 2841 1274 2872; x_wconf 93' lang='lat' dir='ltr'>et</span> <span class='ocrx_word' id='word_1_302' title='bbox 1305 2844 1323 2886; x_wconf 78' lang='lat'>5</span> <span class='ocrx_word' id='word_1_303' title='bbox 1363 2830 1521 2886; x_wconf 85' lang='lat' dir='ltr'>grossis</span> <span class='ocrx_word' id='word_1_304' title='bbox 1556 2844 1621 2872; x_wconf 81' lang='lat' dir='ltr'>ra-</span> 
     </span>
     <span class='ocr_line' id='line_1_37' title="bbox 130 2898 1618 2960; baseline -0.001 -16"><span class='ocrx_word' id='word_1_305' title='bbox 130 2901 244 2944; x_wconf 88' lang='lat' dir='ltr'>tione</span> <span class='ocrx_word' id='word_1_306' title='bbox 265 2901 448 2959; x_wconf 90' lang='lat' dir='ltr'>dampni,</span> <span class='ocrx_word' id='word_1_307' title='bbox 469 2901 580 2960; x_wconf 89' lang='lat' dir='ltr'>quod</span> <span class='ocrx_word' id='word_1_308' title='bbox 603 2916 646 2944; x_wconf 91' lang='lat' dir='ltr'>se</span> <span class='ocrx_word' id='word_1_309' title='bbox 667 2900 769 2944; x_wconf 90' lang='lat' dir='ltr'>dixit</span> <span class='ocrx_word' id='word_1_310' title='bbox 791 2900 936 2944; x_wconf 87' lang='lat' dir='ltr'>fecisse</span> <span class='ocrx_word' id='word_1_311' title='bbox 958 2901 1000 2942; x_wconf 91' lang='lat' dir='ltr'>in</span> <span class='ocrx_word' id='word_1_312' title='bbox 1022 2900 1102 2942; x_wconf 90' lang='lat' dir='ltr'>illis</span> <span class='ocrx_word' id='word_1_313' title='bbox 1127 2912 1208 2955; x_wconf 91' lang='lat'>920</span> <span class='ocrx_word' id='word_1_314' title='bbox 1232 2898 1402 2943; x_wconf 91' lang='lat' dir='ltr'>florenis</span> <span class='ocrx_word' id='word_1_315' title='bbox 1423 2898 1471 2942; x_wconf 88' lang='lat' dir='ltr'>ad</span> <span class='ocrx_word' id='word_1_316' title='bbox 1490 2900 1618 2957; x_wconf 88' lang='lat' dir='ltr'>ipsius</span> 
     </span>
    </p>
   </div>
  </div>
 </body>
</html>
