2201 3554
1075 299 1310 352 -93-

696 412 902 447 Benedictus
931 411 1150 446 Florentinus

498 481 670 507 mercator
698 472 732 505 in
759 471 918 505 Romana
941 470 1035 504 curia
1061 481 1157 504 com-

498 543 640 566 morans
666 532 698 573 8,
725 541 781 575 91,
801 540 866 573 92;
885 529 1048 566 Hilarius,
1067 539 1158 562 rner-

498 599 595 625 cator
621 590 842 624 Florentinus
874 599 925 623 11.

452 651 740 684 Bartholomaeus
767 649 808 682 de
834 648 934 682 Pollo
961 647 1015 681 61.

453 710 581 743 Bartoli
602 709 802 743 Leonardus
820 707 861 742 de
878 707 1066 743 Florentia.
1085 717 1160 739 1110-

501 768 653 802 netarius
679 768 769 813 regis
794 766 960 801 Poloniae
988 775 1038 809 13,
1062 775 1112 807 14.

455 828 633 861 Baudesen
659 826 733 860 vide
766 825 970 872 Budziszyn.

456 886 686 932 Baylardinus
719 886 760 919 de
794 884 947 926 Verona,
974 883 1162 918 canonicus

503 945 746 986 Vincentinus,
760 952 869 990 apost.
891 943 988 978 Sedis
1009 943 1163 984 nuntius,

508 1015 536 1046 1,
564 1013 594 1037 2.

457 1063 604 1097 Beidner
631 1062 807 1104 Nicolaus,
833 1061 918 1096 civis
952 1061 1164 1096 Cracovien-

504 1120 561 1161 sis,
592 1129 619 1163 5.

459 1178 553 1212 Bella
577 1178 651 1212 vide
679 1177 844 1212 Anionia.

458 1238 591 1272 Benibo
618 1237 739 1271 Petrus
765 1236 915 1270 condam
936 1235 1083 1270 Antonii
1102 1235 1166 1269 mi-

506 1297 587 1338 litis,
602 1296 784 1330 fideiussor
798 1295 979 1329 Michaelis
997 1295 1091 1329 Ricci
1111 1305 1166 1340 70.

460 1356 668 1390 Benedictus
694 1367 749 1401 pp.
777 1354 855 1396 XII,
881 1363 958 1388 vm.

460 1415 642 1460 bergreclit
671 1425 724 1448 22.

461 1475 657 1516 Bernardis,
672 1474 725 1515 de,
740 1474 896 1515 Iacobus,
907 1480 1082 1508 mercator
1091 1473 1168 1507 Flo-

511 1534 666 1568 sentinus
693 1543 756 1567 vn.
1040 1522 1042 1525 ,

463 1594 643 1639 Berugoys
670 1592 712 1626 H.
745 1603 772 1634 1,
801 1602 831 1626 2.

463 1653 658 1687 Bicharano
695 1652 937 1696 (Bicharanus,
973 1652 1170 1694 ssicaranus,

512 1711 988 1754 Bicchierarius,Bicharan):
1004 1712 1100 1746 Bona
1121 1723 1171 1746 re-

511 1772 591 1806 licta
619 1771 796 1818 quondam
824 1783 878 1806 ser
904 1771 995 1806 Petri
1024 1772 1080 1811 81,
1107 1772 1171 1817 833

511 1831 662 1872 Donata,
681 1830 844 1865 monialis
863 1831 1069 1865 monasterii
1086 1831 1172 1865 Cor-

512 1892 604 1938 poris
650 1891 780 1925 Christi
827 1892 868 1926 de
907 1891 1066 1926 Venetiis
1105 1891 1170 1934 81;

513 1951 728 1990 franciscus,
763 1951 913 1985 condam
953 1962 1006 1985 ser
1040 1951 1174 1985 domini

511 2009 603 2043 Petri
632 2010 696 2050 81,
726 2008 892 2043 Nicolaus
930 2009 1081 2043 condam
1120 2020 1174 2043 ser

513 2067 687 2102 Francisci
714 2068 770 2109 81,
800 2067 864 2111 833
890 2067 1012 2101 Petrus
1038 2067 1079 2101 de
1107 2067 1174 2101 Vc-

513 2127 617 2161 netiis
643 2134 827 2168 mercator,
854 2126 896 2160 dc
922 2125 1076 2161 confinio
1096 2137 1175 2161 san-

514 2195 567 2221 cte
594 2186 777 2221 Trinitatis
809 2196 860 2228 12,
892 2196 943 2230 13,
969 2185 1092 2229 14-16,
1120 2197 1176 2229 21,

517 2257 571 2290 25,
599 2248 654 2289 81,
680 2246 755 2280 vide
780 2246 942 2292 supparii.

469 2304 622 2338 Blancha
649 2303 690 2338 de
715 2303 792 2337 Cha
817 2302 938 2345 Dolce,
956 2303 1120 2337 monialis
1141 2303 1175 2337 in

516 2363 734 2397 monasterio
760 2374 785 2396 s.
809 2362 1020 2397 Catherinae
1038 2363 1080 2397 de
1097 2362 1176 2397 Sac-

516 2423 564 2456 cis
592 2424 646 2456 82.

471 2482 613 2523 Blanko,
641 2482 694 2523 de,
716 2482 894 2528 Philippus
920 2482 1024 2524 Petri,
1045 2493 1178 2516 merca-

516 2551 572 2576 tor
597 2541 819 2576 Florentinus
845 2551 892 2574 VI.

475 2602 594 2636 Blaxia
621 2601 764 2635 domina
791 2602 846 2635 82.

471 2661 627 2695 ssoclinia
655 2661 829 2705 (Bochna)
856 2661 1021 2706 oppidum
1048 2661 1083 2695 in
1110 2661 1178 2695 Ga-

519 2720 597 2754 licia
637 2720 843 2754 occidentali
882 2720 914 2762 6,
952 2730 1004 2765 34,
1040 2722 1099 2764 583
1126 2721 1179 2762 de,

520 2779 651 2813 'l'onias
684 2779 863 2825 Stephani,
898 2780 1054 2814 notarius
1087 2781 1180 2825 publ.

521 2839 679 2884 dyocesis
711 2838 906 2873 Cracovien
944 2839 1001 2881 583
1036 2839 1178 2874 ecclesia

522 2907 582 2939 223
609 2898 780 2943 hospitale
805 2910 831 2932 s.
858 2898 979 2932 Crucis
1005 2899 1037 2932 6.

498 414 552 456 26.
592 424 653 458 27:

1225 411 1445 445 Bochnenses
1467 422 1596 456 supp-ae
1616 420 1671 452 21,
1695 411 1749 452 28,
1777 410 1832 455 78,
1858 409 1933 444 vide

1277 481 1442 515 supparn.

1231 528 1525 563 Bochsinnieister
1565 528 1742 570 Nicolaus,
1779 535 1939 562 moneta-

1278 587 1347 621 rius
1374 587 1429 626 80.

1233 646 1400 680 Bohemia
1427 647 1483 691 85,
1510 647 1566 689 86,
1593 657 1648 692 90,
1676 657 1730 692 95.

1233 704 1327 739 Bolff
1346 705 1542 751 Stephanus
1573 706 1623 749 58.

1234 764 1421 798 Bonacursi
1450 765 1644 799 Bernardus
1661 772 1694 799 et
1714 765 1858 799 Iacobus
1875 763 1941 813 fra-

1281 832 1351 858 tres
1377 824 1418 858 de
1445 823 1632 866 Florentia,
1659 825 1714 868 87.

1236 883 1426 917 Bonaiutus
1445 884 1487 917 de
1506 883 1709 925 Casentino,
1724 883 1890 918 collector
1907 883 1943 918 in

1283 942 1429 976 Polonia
1456 953 1505 976 vi.

1238 1001 1435 1036 Bonis-acius
1481 1013 1534 1047 pp.
1581 1001 1641 1043 IX,

1285 1070 1340 1105 92.

1239 1119 1396 1153 Bononia
1419 1130 1447 1164 3,
1467 1129 1530 1165 943
1551 1120 1604 1159 de,
1626 1119 1787 1153 Andreas
1807 1118 1851 1153 de
1867 1116 1946 1153 Sala

1287 1178 1327 1219 83
1353 1178 1513 1213 Guidotti
1539 1178 1613 1213 vide
1639 1178 1809 1213 Guidotti.

1241 1237 1414 1271 Borislaus
1442 1237 1588 1272 Antonii
1615 1238 1657 1272 de
1674 1237 1869 1280 Pilchowo,
1890 1237 1949 1272 de-

1288 1308 1395 1330 canus
1420 1297 1598 1331 Plocensis
1629 1297 1680 1331 18.

1241 1356 1362 1397 Bosco,
1389 1356 1442 1397 de,
1468 1356 1504 1389 Ρ.
1536 1365 1565 1396 1,
1588 1366 1618 1389 2.

1242 1414 1410 1456 Bosculis,
1445 1414 1498 1456 de,
1530 1414 1745 1455 Franciscus,
1777 1421 1952 1449 mercator
1982 1436 1986 1437 ν

1291 1473 1513 1508 Florentinus
1545 1474 1596 1515 18,
1628 1483 1677 1519 19.

1692 1011 1767 1045 1-3,
1813 1002 1845 1043 8,
1892 1011 1945 1043 11,

1243 1534 1397 1568 Bothner
1422 1533 1601 1576 Nicolaus,
1631 1533 1716 1568 civis
1741 1533 1952 1573 Cracovien-

1291 1594 1336 1627 sis
1360 1604 1394 1636 4.

1244 1652 1371 1687 Bozelli
1400 1652 1537 1693 Paulus,
1562 1651 1744 1686 fideiussor
1770 1651 1951 1686 Michaelis

1292 1712 1388 1747 Ricci
1419 1722 1472 1756 71.

1246 1771 1479 1814 Branchaciis,
1494 1772 1548 1814 de,
1562 1772 1721 1812 Carolus,
1742 1772 1843 1806 miles
1863 1771 1955 1806 Nea-

1293 1832 1478 1877 politanuS,
1504 1842 1622 1866 comes
1655 1830 1871 1876 Campaniae
1898 1840 1954 1877 93.

1246 1891 1370 1937 Brega,
1398 1891 1566 1936 oppidum
1592 1891 1627 1924 in
1657 1890 1776 1924 Silesia
1807 1900 1859 1934 34.

1247 1950 1434 1992 Breslavia,
1453 1950 1671 1991 Bressilavia,
1686 1950 1851 1991 Breslaw,
1873 1949 1955 1983 Bre-

1294 2009 1394 2050 slow,
1426 2008 1607 2050 Brislavia,
1640 2008 1848 2042 Bratislavia
1881 2007 1957 2042 vide

1295 2068 1531 2102 wratislavia.

1248 2127 1359 2169 Brick,
1386 2127 1438 2168 de,
1457 2127 1628 2168 Andreas,
1647 2126 1858 2160 baccalarius
1877 2137 1956 2160 san-

1295 2194 1371 2220 ctae
1395 2186 1605 2232 theologiae,
1624 2193 1850 2219 conservator
1868 2184 1956 2219 Uni-

1295 2244 1469 2279 versitatis
1494 2244 1738 2278 Cracoviensis
1760 2253 1814 2290 79.

1250 2304 1373 2346 Bruch,
1399 2304 1452 2346 de,
1479 2303 1664 2338 Tilrnanus
1694 2313 1746 2347 35.
1772 2313 1828 2346 42.

1251 2364 1372 2410 Brugis
1398 2364 1491 2405 villa,
1518 2363 1553 2397 in
1580 2363 1741 2397 flandria
1768 2373 1813 2396 v1.

1252 2423 1493 2457 Brzesenensis
1519 2423 1635 2462 abbas,
1662 2422 1828 2456 Nicolaus
1856 2432 1911 2467 77.

1251 2482 1458 2529 Budziszyn,
1485 2482 1537 2523 de,
1565 2482 1740 2516 Iohannes
1759 2481 1850 2516 Petri
1878 2481 1960 2515 Ale-

1299 2553 1425 2576 manus
1451 2542 1492 2576 de
1520 2541 1661 2576 Luzetia
1687 2551 1742 2584 45.

1254 2656 1422 2696 Caballus
1448 2659 1521 2694 vide
1547 2659 1705 2694 Cavallo.

1253 2720 1410 2761 Cadmo,
1432 2719 1486 2761 de,
1519 2719 1652 2760 Petrus,
1685 2717 1868 2752 familiaris
1901 2717 1961 2752 do-

1301 2779 1387 2813 niini
1415 2778 1571 2812 Monaldi
1599 2777 1632 2811 8.

1254 2838 1391 2873 Calenti
1407 2837 1562 2871 Albicius
1584 2837 1626 2870 de
1645 2836 1790 2870 Medicis
1813 2845 1869 2881 94,
1889 2835 1963 2870 vide

1301 2897 1456 2932 Medicis.
