2201 3554
746 323 978 364 -43-

118 421 233 465 Bank
266 436 406 464 coram
441 421 560 463 nobis
600 421 641 463 in
673 420 837 477 querela
871 419 1066 463 adversus
1105 420 1306 477 prefatum
1340 419 1601 462 Anthonium

118 492 372 549 supparium,
405 491 578 549 qualiter
613 491 698 548 ipse
731 506 800 548 per
835 490 1121 546 Hanselynum
1154 490 1203 533 de
1236 491 1360 541 Rosa,
1401 489 1604 532 famulum

118 578 255 616 suum,
275 563 317 606 in
334 562 463 605 domo
485 562 819 604 Teutonicorum
843 562 1030 604 Veneriis
1057 561 1219 604 fecisset
1242 560 1318 603 sibi
1346 559 1492 603 ascribi
1516 574 1607 616 pre-

117 634 350 676 nominatas
384 648 543 675 merces
570 644 608 675 et
637 647 700 675 res
733 633 847 690 quasi
882 633 1044 689 propria
1069 648 1140 674 sua
1163 631 1283 684 bona,
1308 642 1472 688 propter
1494 629 1604 688 quod

118 704 297 747 Michael
319 704 513 746 Iohannis
531 702 696 765 easdem
721 719 879 746 merces
902 715 940 746 et
958 703 1063 746 bona
1082 705 1123 746 in
1144 719 1213 746 sua
1238 704 1483 760 suscepisset
1500 713 1607 744 tam-

116 791 241 833 quam
264 774 371 818 bona
393 775 520 832 ipsius
538 774 741 818 Anthonii
765 773 898 816 fratris
922 775 998 816 sui.
1025 774 1089 817 Ad
1113 773 1222 832 quod
1248 773 1501 830 respondens
1519 774 1607 815 An-

116 846 285 890 thonius
308 847 523 904 supparius
546 846 603 888 sic
625 845 738 898 dixit,
756 844 867 902 quod
887 846 1135 888 Henselinus
1148 845 1206 904 (5)
1225 845 1275 888 de
1295 845 1405 888 Rosa
1427 844 1606 887 famulus

119 933 236 960 meus
255 917 350 960 fecit
367 917 493 960 michi
511 915 659 960 ascribi
681 916 881 973 predictas
909 932 1068 959 merces
1091 928 1130 959 et
1153 916 1274 969 bona,
1296 915 1370 959 hec
1398 931 1475 972 ego
1508 930 1603 958 eum

117 1004 202 1032 non
227 989 342 1042 iussi,
361 1000 401 1032 et
431 1001 492 1032 est
530 988 683 1031 factum
708 988 786 1031 hoc
816 1000 951 1045 preter
977 989 1234 1031 voluntatem
1269 1003 1422 1039 meam,
1455 998 1494 1029 et
1526 1002 1605 1043 ego

117 1061 242 1103 etiam
265 1075 495 1118 numquam
517 1061 661 1118 scripsi
679 1060 873 1103 Michaeli
898 1059 1008 1103 fratri
1033 1059 1265 1116 meo,quod
1285 1057 1427 1102 eedem
1447 1073 1606 1101 merces

117 1129 298 1188 predicte
329 1141 466 1173 essent
498 1145 604 1183 mee,
626 1145 726 1187 quas
750 1130 953 1173 Iohannes
978 1130 1091 1172 Bank
1115 1130 1302 1173 Venetiis
1325 1143 1466 1171 coram
1491 1143 1607 1171 com-

118 1200 370 1259 positoribus
403 1202 490 1244 sive
523 1199 684 1244 arbitris
712 1202 872 1258 repetiit
898 1202 1008 1243 iuxta
1036 1212 1225 1244 tenorem
1251 1199 1529 1242 instrumenti.
1558 1199 1608 1241 Et

118 1270 266 1315 adiecit
306 1270 454 1314 deinde
481 1270 590 1314 idem
625 1271 863 1314 Anthonius
896 1271 1091 1314 Iohannis
1128 1270 1177 1313 de
1212 1270 1435 1321 Florentia,
1467 1269 1608 1312 dicens

119 1357 262 1386 coram
288 1341 408 1385 nobis
435 1340 598 1384 arbitris
624 1354 663 1385 et
685 1341 1038 1400 compositoribus
1060 1341 1318 1399 supradictis,
1336 1355 1430 1383 ecce
1458 1340 1607 1396 inquit:

122 1412 342 1457 Confiteor
373 1424 412 1455 et
444 1427 702 1470 recognosco
735 1413 867 1470 plane,
899 1412 1010 1470 quod
1044 1413 1330 1470 prenominate
1373 1425 1533 1454 merces
1570 1421 1610 1452 et

119 1483 227 1528 bona
259 1483 325 1527 hic
359 1498 476 1542 supra
511 1484 713 1542 descripte
746 1499 831 1527 non
864 1495 958 1527 sunt
991 1499 1082 1527 mee
1115 1495 1155 1527 et
1187 1498 1272 1526 non
1304 1482 1352 1526 ad
1386 1497 1454 1525 me
1486 1482 1611 1539 perti-

120 1566 233 1608 nent,
266 1554 337 1598 sed
371 1566 465 1597 sunt
497 1555 694 1597 Iohannis
727 1555 870 1598 Banko
898 1556 1000 1598 civis
1028 1554 1395 1597 wratislaviensis.

210 1625 370 1669 Deinde
404 1627 640 1668 invenimus
663 1642 754 1679 nos,
788 1627 1115 1683 supranominati
1156 1625 1295 1668 arbitri
1329 1637 1369 1667 ct
1401 1624 1611 1681 composi-

120 1709 246 1751 tores,
280 1699 320 1741 in
356 1697 540 1755 predicto
581 1699 858 1740 instrumento
900 1698 1118 1751 contineri,
1155 1696 1266 1754 quod
1308 1695 1611 1752 compositores

121 1769 180 1812 illi
207 1770 394 1812 Venetiis
427 1770 791 1822 sententiaverunt,
818 1767 929 1826 quod
955 1768 1160 1811 Iohannes
1186 1767 1301 1810 Bank
1333 1782 1454 1824 posse
1488 1781 1610 1808 suum

122 1839 315 1884 adhibere
346 1839 525 1893 deberet,
559 1850 604 1882 ut
636 1840 874 1882 Anthonius
907 1839 1102 1882 Iohannis
1133 1839 1184 1882 de
1212 1838 1418 1881 Florentia
1452 1838 1487 1879 ei
1521 1851 1613 1894 pre-

121 1911 251 1955 dictas
284 1926 443 1954 merces
470 1922 509 1953 ct
535 1910 642 1953 bona
675 1910 942 1968 persolveret,
968 1909 1018 1953 de
1044 1925 1127 1967 quo
1159 1920 1313 1967 puncto
1346 1908 1611 1951 instrumenti

122 1982 370 2026 confitemur
392 1994 430 2025 et
454 1984 796 2040 recognoscimus
819 1998 890 2025 sex
916 1983 1220 2040 compositores
1243 1981 1478 2039 supradicti,
1501 1979 1612 2038 quod

124 2052 233 2097 idem
266 2053 472 2097 Iohannes
505 2053 621 2096 Bank
663 2069 836 2096 omnem
879 2053 1134 2111 diligentiam
1180 2068 1298 2095 suam
1338 2051 1536 2103 adhibuit,
1568 2061 1613 2093 ut

124 2137 382 2169 memoratus
413 2125 651 2168 Anthonius
684 2126 721 2168 ei
754 2140 818 2167 res
850 2125 939 2167 illas
982 2124 1262 2182 persolvisset,
1296 2123 1365 2167 sed
1398 2124 1485 2180 ipse
1525 2123 1614 2164 An-

124 2197 294 2240 thonius
327 2196 401 2239 hec
434 2197 610 2239 omnino
647 2207 808 2238 recusat
837 2195 968 2239 facere
1000 2207 1040 2238 et
1071 2194 1182 2248 dicit,
1217 2194 1264 2237 ad
1299 2210 1342 2237 se
1374 2209 1459 2236 non
1490 2193 1613 2250 perti-

124 2282 222 2311 nere
255 2267 494 2311 huiusmodi
528 2267 795 2318 solutionem,
828 2277 995 2324 propter
1027 2266 1120 2319 hoc,
1146 2265 1257 2323 quod
1289 2265 1395 2308 bona
1429 2264 1496 2307 illa
1528 2279 1613 2306 non

126 2350 221 2382 sunt
252 2340 380 2396 ipsius
412 2339 483 2382 sed
516 2338 712 2381 Iohannis
739 2338 868 2392 Bank,
895 2349 939 2380 ut
970 2352 1092 2394 supra
1125 2337 1231 2380 clare
1264 2347 1325 2379 est
1356 2351 1611 2393 expressum.

215 2410 351 2454 Etiam
383 2411 665 2467 comperimus
698 2411 740 2452 in
772 2408 921 2453 eodem
953 2410 1232 2452 instrumento
1264 2406 1448 2465 predicto
1481 2407 1614 2450 conti—

125 2482 214 2524 neri
246 2483 300 2524 ita
332 2482 623 2525 sententiatum
657 2496 746 2524 esse
778 2495 850 2538 per
885 2481 1188 2537 compositores
1222 2480 1408 2522 Venetiis
1440 2489 1480 2521 et
1515 2493 1615 2521 con-

127 2552 312 2596 clusum:
341 2553 384 2596 Si
410 2551 615 2595 Iohannes
644 2552 782 2594 Banke
814 2567 898 2593 non
920 2552 1097 2608 potuerit
1130 2550 1382 2593 solutionem
1417 2549 1615 2605 consequi

127 2621 403 2681 predictarum
437 2623 641 2665 mercium
673 2622 723 2665 ab
756 2621 973 2665 Anthonio
1005 2621 1201 2664 Iohannis
1233 2619 1417 2677 predicto
1449 2631 1489 2662 et
1520 2634 1616 2676 por-

126 2695 276 2737 taverit
305 2692 556 2738 documenta
589 2692 846 2746 sufficientia,
879 2692 991 2750 quod
1033 2691 1187 2749 prefate
1233 2706 1392 2734 merces
1425 2689 1615 2733 videlicet

128 2765 179 2809 de
210 2765 325 2808 vario
351 2776 390 2808 et
415 2765 605 2816 cremesi‚
638 2762 738 2821 quas
770 2763 950 2806 Michael
983 2762 1178 2806 Iohannis
1211 2763 1382 2805 nomine
1412 2761 1615 2804 Anthonii

130 2835 266 2879 fratris
297 2837 359 2878 sui
392 2836 585 2892 suscepit,
612 2835 739 2892 ipsius
771 2834 966 2877 Iohannis
1000 2833 1113 2876 Bank
1148 2833 1321 2876 fuissent
1352 2843 1391 2875 et
1417 2848 1502 2875 non
1528 2833 1616 2874 An-

129 2906 263 2950 thonii
295 2905 504 2959 Iohannis,
536 2905 648 2963 quod
680 2917 776 2948 tunc
811 2916 1067 2948 memoratus
1094 2903 1273 2947 Michael
1305 2903 1500 2946 Iohannis
1533 2903 1616 2945 sol-
