2201 3554
798 322 1028 375 -35-

635 728 1191 781 ADDITAMENTA

257 977 325 1019 79.
369 973 554 1016 Urbanus
580 982 645 1031 pp.
678 974 738 1016 lv'I
767 974 999 1032 quibusdum
1033 974 1307 1018 mercatoribus
1340 975 1514 1018 Lucanis
1541 984 1655 1032 pecu-

165 1046 326 1088 niarum
357 1059 532 1088 summas
564 1046 604 1087 iu
633 1044 812 1102 partibus
844 1044 1028 1087 Polom'ue
1059 1054 1093 1088 et
1123 1044 1214 1087 aliis
1245 1044 1419 1088 collectas
1452 1046 1657 1103 recipiendi

165 1115 234 1159 dat
258 1115 507 1172 facultatem.

962 1187 1103 1235 Lucae,
1145 1202 1195 1237 I‘)
1231 1188 1407 1243 Augusti
1442 1189 1565 1243 1387.

255 1279 449 1323 Urbanus
475 1291 552 1322 etc.
586 1279 759 1322 Dilectis
786 1279 879 1322 filiis
907 1280 1125 1323 Castrucio
1154 1281 1303 1337 Sagine
1329 1293 1367 1323 et
1395 1282 1581 1324 Antonio
1608 1280 1658 1324 de

166 1351 300 1394 Podio
326 1366 372 1393 ac
399 1351 582 1394 Martino
607 1351 860 1403 Giuntorini,
885 1350 1044 1394 civibus
1071 1363 1109 1394 et
1137 1352 1439 1395 mercatoribus
1467 1352 1656 1404 Lucanis,

165 1422 304 1473 sociis,
339 1421 562 1464 factoribus
605 1432 644 1464 et
677 1421 1012 1478 procuratoribus
1053 1422 1300 1465 dilectorum
1339 1421 1521 1465 filiorum
1557 1424 1655 1466 Dini

164 1503 205 1535 et
238 1492 454 1535 Michaelis
485 1508 531 1535 ac
565 1493 745 1535 Leazarii
777 1493 828 1536 de
861 1493 1063 1536 Guinisiis
1100 1505 1139 1536 et
1172 1495 1400 1545 sociorum,
1434 1495 1589 1537 civium
1618 1506 1657 1537 et

165 1575 447 1607 mercatorum
475 1564 756 1617 Lucanorum,
781 1564 956 1607 salutem
998 1576 1074 1607 etc.
1103 1565 1305 1608 Gerentes
1331 1564 1380 1608 de
1407 1567 1534 1607 vestri
1558 1565 1658 1608 fide-

165 1635 277 1678 litate
309 1634 502 1678 fiduciam
535 1636 576 1677 in
610 1635 798 1678 Domino
831 1636 1066 1692 specialem,
1091 1651 1318 1692 speramu5,
1345 1636 1457 1692 quod
1491 1652 1550 1688 ea,
1577 1652 1656 1694 que

166 1705 287 1748 vobis
316 1705 558 1749 duxerimus
591 1706 906 1759 committenda,
934 1722 1003 1763 per
1024 1722 1100 1749 vos
1127 1705 1315 1749 fidelibus
1342 1707 1487 1750 studiis
1512 1723 1659 1750 execu—

165 1777 270 1820 tioni
301 1776 436 1820 debite
463 1776 780 1820 mandabuntur.
815 1778 921 1820 Hinc
949 1789 1023 1829 est,
1049 1778 1159 1834 quod
1182 1793 1259 1820 nos
1286 1777 1404 1820 vobis
1426 1789 1464 1820 et
1491 1777 1656 1821 cuilibet

164 1859 351 1891 vestrum
383 1864 405 1891 a
445 1848 759 1906 quibuscunque
801 1847 1093 1891 collectoribus
1131 1860 1169 1891 et
1212 1848 1578 1891 succollectoribus
1612 1865 1655 1892 ac

165 1918 255 1962 aliis
282 1918 528 1962 officialibus
561 1934 724 1962 camere
757 1920 982 1976 apostolice
1014 1920 1054 1961 in
1082 1919 1313 1973 Alamanie,
1347 1920 1532 1973 Boemie,
1569 1921 1658 1963 Un-

168 1990 294 2046 garie,
322 1989 509 2042 Polonie,
543 1990 776 2036 Sclavonie,
804 1990 1018 2032 Dalmacie
1051 2002 1089 2033 et
1123 1990 1328 2033 Romanie
1350 1988 1533 2047 partibus
1559 2007 1659 2033 con-

167 2060 407 2104 sistentibus
433 2073 472 2104 et
503 2077 576 2119 per
607 2077 685 2104 nos
719 2077 789 2104 seu
816 2063 1057 2104 auctoritate
1085 2073 1224 2104 nostra
1251 2063 1456 2120 deputatis
1489 2062 1658 2115 ibidem,

166 2146 330 2174 necnon
363 2132 412 2174 ab
438 2132 526 2175 aliis
547 2131 860 2190 quibuscunque
887 2134 1074 2190 personis
1100 2134 1279 2190 partium
1302 2148 1658 2191 quarumcunque,

167 2202 238 2259 qui
268 2202 423 2260 prefate
467 2218 630 2246 camere
670 2219 935 2260 quascunque
967 2205 1234 2261 pecuniarum
1281 2220 1467 2247 summas
1511 2219 1582 2261 per
1615 2220 1657 2247 se

168 2272 234 2315 vel
266 2273 392 2316 aliurn
426 2289 498 2316 seu
523 2274 626 2318 alios
659 2290 709 2317 ex
740 2289 983 2331 quacunque
1011 2289 1145 2326 causa,
1169 2286 1429 2332 preterquam
1457 2275 1507 2318 de
1540 2290 1658 2317 corn-

169 2343 379 2397 munibus,
412 2346 591 2388 servitiis
629 2345 790 2388 solvere
823 2346 1031 2388 voluerint
1072 2361 1143 2387 seu
1175 2344 1395 2398 debebunt,
1419 2345 1657 2388 huiusmodi

167 2415 436 2472 pecuniarum
477 2431 665 2458 summas
697 2427 844 2458 nostro
871 2427 910 2459 et
942 2415 1048 2458 dicte
1081 2431 1243 2458 camere
1276 2418 1448 2459 nomine
1481 2415 1657 2473 petendi,

169 2485 358 2542 exigendi
383 2497 424 2528 et
448 2485 683 2544 recipiendi,
710 2487 760 2530 de
787 2487 1039 2529 conscientia
1071 2498 1211 2529 tamen
1243 2485 1489 2530 venerabilis
1524 2486 1658 2529 fratris

169 2557 303 2599 nostri
326 2558 491 2614 Angeli,
514 2559 696 2615 episcopi
719 2558 1055 2611 Castellanensis,
1079 2557 1288 2600 fructuum
1313 2569 1351 2600 et
1378 2569 1655 2614 proventuum

167 2625 276 2670 dicte
308 2642 472 2670 camere
503 2629 545 2670 in
577 2629 787 2671 nonnullis
821 2627 1004 2685 partibus
1040 2627 1276 2671 debitorum
1310 2628 1560 2679 collectoris,
1594 2629 1656 2670 cui

168 2712 239 2754 per
265 2697 363 2741 alias
389 2710 552 2742 nostras
584 2700 738 2742 litteras
766 2700 1075 2751 commisimus,
1103 2711 1148 2742 ut
1179 2714 1376 2756 personas
1409 2698 1574 2741 easdem
1608 2698 1658 2741 de

170 2767 263 2820 hiis,
301 2783 380 2826 que
418 2768 537 2812 vobis
581 2785 651 2813 seu
693 2770 841 2813 alteri¹
883 2781 1067 2812 vestrum
1114 2770 1328 2821 solverint,
1363 2781 1404 2812 ut
1443 2769 1658 2827 prefertur,

266 2927 276 2945 1
305 2921 382 2955 MS.
410 2922 551 2956 alterius
