2201 3554
771 303 1005 346 -79-

234 405 302 448 73.
337 401 558 458 Recognitio
591 401 634 443 de
666 400 800 444 debitis
832 402 1024 445 Ludovici
1054 404 1096 446 de
1130 403 1344 455 Florentia,
1376 406 1470 447 civis
1502 405 1632 448 Ill-us-

140 474 288 516 siensis.

805 542 1030 595 cracoviae,
1071 559 1117 588 11
1157 545 1380 588 Decembris
1415 560 1542 602 1434.

229 660 381 706 Sabato
413 671 506 718 post
539 659 690 702 festum
726 660 1025 718 Conceptionis
1053 662 1168 705 beate
1202 663 1388 720 Virginis
1425 664 1633 707 Herman-

141 748 220 777 nus
251 732 403 790 Zelige,
430 730 654 774 advocatus
682 742 838 784 noster,
871 735 1128 790 recognovit,
1155 734 1265 790 quod
1294 733 1532 778 Lodovicus
1555 736 1634 778 Ita-

140 805 246 848 licus
277 803 374 847 fecit
398 803 729 860 recognitionem
762 802 996 846 debitorum
1032 805 1071 846 in
1101 804 1264 848 scedula
1289 821 1430 848 coram
1465 821 1515 849 eo
1542 821 1633 864 pre-

140 885 299 919 sentata
323 874 374 918 de
406 872 534 916 verbo
566 873 615 916 ad
648 872 823 916 verbum
856 875 897 916 in
931 874 1039 917 hunc
1073 876 1262 919 modum.

229 945 320 1004 Ego
362 943 681 987 Lodovicus
728 943 787 986 de
836 945 1156 999 Florencia,
1204 948 1306 989 civis
1353 947 1630 1002 Ilkussiensis,

140 1030 399 1074 recognosco
430 1029 501 1072 per
533 1025 758 1072 presentem,
786 1016 879 1071 quia
908 1017 1007 1058 certi
1030 1028 1068 1058 et
1090 1017 1174 1059 veri
1202 1015 1325 1060 debiti
1348 1015 1507 1060 dudum
1530 1019 1630 1060 tenti

141 1102 237 1131 sum
269 1085 448 1130 honesto
480 1085 694 1142 Heynrico
728 1085 1050 1143 Weyssinburg,
1078 1088 1155 1130 civi
1182 1088 1451 1131 Cracoviensi
1475 1100 1514 1130 et
1546 1089 1632 1131 filio

140 1159 229 1202 eius
260 1158 474 1215 Heynrico
507 1155 712 1214 obligatus
746 1158 786 1200 in
822 1172 875 1213 34
909 1174 1034 1201 marc.
1069 1175 1218 1216 gross„
1251 1160 1368 1202 cuius
1393 1159 1518 1203 debiti
1550 1171 1632 1202 ter-

140 1230 246 1273 mini
264 1228 483 1272 solutionis
501 1228 583 1270 iam
610 1227 679 1270 diu
703 1229 988 1285 preterierunt,
1017 1241 1197 1272 attamen
1225 1231 1371 1273 volens
1391 1230 1630 1273 huiusmodi

141 1300 346 1344 solucioni
367 1314 510 1356 parere
532 1309 571 1341 et
593 1299 764 1342 ulterius
787 1301 828 1341 in
849 1299 996 1342 debitis
1021 1315 1103 1343 non
1127 1302 1273 1354 iacere,
1300 1302 1501 1358 promitto
1524 1300 1630 1344 bona

141 1370 222 1414 fide
253 1382 294 1414 et
325 1371 413 1413 sine
443 1369 543 1413 dolo
570 1369 673 1412 infra
707 1369 801 1413 hinc
835 1382 874 1413 et
902 1370 1054 1413 festum
1088 1373 1217 1414 sancti
1245 1372 1416 1415 Martini
1443 1373 1630 1429 proxime

141 1452 364 1484 venturum
397 1440 559 1483 solvere
592 1439 758 1483 indilate
784 1440 913 1484 dictas
949 1455 1002 1497 34
1035 1457 1208 1494 marcas,
1240 1458 1342 1500 quas
1373 1443 1406 1485 si
1438 1458 1522 1485 non
1550 1442 1632 1485 sol-

140 1527 256 1565 vero,
288 1523 439 1555 extunc
470 1512 845 1564 exconvincationi,
877 1527 956 1569 qua
989 1514 1312 1556 exconvincatus
1345 1529 1439 1556 sum
1468 1528 1538 1570 per
1561 1528 1632 1555 ve-

141 1584 369 1628 nerabilem
400 1584 622 1627 dominum
663 1582 874 1627 Andream
918 1583 968 1627 de
1002 1585 1136 1637 Brick,
1173 1584 1448 1628 baccalarium
1492 1596 1631 1627 sancte

140 1654 365 1713 theologie,
382 1665 721 1698 conservatorem
738 1655 1014 1697 universitatis
1032 1655 1337 1708 Cracoviensis,
1354 1654 1512 1698 tamdiu
1532 1655 1631 1698 volo

141 1726 324 1780 subesse,
356 1740 573 1784 quousque
604 1725 733 1768 dictas
764 1740 816 1781 34
844 1741 1002 1769 marcas
1028 1726 1077 1769 ad
1101 1727 1269 1784 plenum
1293 1726 1524 1769 exsolvero,
1549 1726 1631 1770 Ce-

140 1810 276 1842 terum
310 1812 583 1855 recognosco,
615 1796 725 1855 quod
758 1797 890 1840 dictus
929 1798 1164 1854 Heynricus
1202 1797 1517 1855 Weyssenburg
1554 1812 1630 1854 pro

141 1885 209 1913 me
240 1867 497 1912 fideiussoria
528 1869 719 1911 cautione
752 1869 793 1910 in
832 1882 880 1910 10
914 1884 1074 1911 marcas
1116 1880 1281 1912 monete
1322 1884 1419 1927 erga
1458 1869 1629 1912 Petrum

142 1941 318 1994 Bohem,
359 1941 497 1984 civem
544 1940 885 1992 cracoviensem,
918 1952 979 1983 est
1026 1940 1245 1998 obligatus.
1295 1941 1414 1994 Quas
1461 1939 1629 1998 quidem

147 2025 196 2056 10
229 2027 390 2055 marcas
422 2012 624 2069 promitto
646 2010 757 2054 dicto
781 2011 992 2068 Heynrico
1015 2010 1248 2055 fideiussori
1282 2028 1378 2055 meo
1400 2011 1449 2055 ad
1477 2011 1628 2054 festum

140 2084 269 2127 sancti
301 2081 438 2126 Iacobi
466 2083 654 2140 proxime
680 2093 902 2124 venturum
931 2082 1092 2125 solvere
1117 2082 1284 2125 indilate
1312 2084 1400 2125 sine
1427 2082 1567 2126 fraude
1590 2094 1630 2125 et

139 2153 252 2208 dolo,
283 2169 385 2212 quas
417 2155 451 2196 si
483 2169 569 2196 non
601 2153 815 2206 solverim,
848 2165 997 2196 extunc
1030 2153 1140 2196 idem
1174 2155 1408 2211 Heynricus
1441 2155 1481 2196 in
1508 2153 1629 2196 dictis

146 2239 196 2269 10
229 2226 382 2269 marcis
415 2237 583 2268 monete
614 2235 749 2283 potest
776 2226 818 2267 in
852 2225 963 2267 Ilkus
996 2237 1194 2268 arrestare
1222 2226 1365 2268 omnia
1392 2224 1497 2268 bona
1522 2241 1628 2278 mea,

139 2314 219 2357 que
250 2313 359 2341 nunc
390 2296 537 2349 habeo,
560 2296 608 2339 ad
641 2312 720 2354 que
743 2297 902 2354 primus
924 2312 1014 2339 esse
1036 2296 1180 2348 debet,
1214 2309 1254 2339 et
1276 2296 1353 2339 hiis
1380 2296 1499 2339 bonis
1523 2297 1627 2338 meis

139 2369 346 2413 attestatis
378 2370 436 2412 uti
459 2379 594 2426 potest
626 2379 840 2425 tamquam
864 2367 957 2420 hiis,
984 2367 1132 2424 quibus
1155 2369 1298 2410 omnia
1320 2369 1404 2411 iura
1434 2379 1628 2410 executus

138 2546 370 2588 carissimum,
397 2546 483 2580 mihi
510 2546 691 2587 mutuatis,
718 2546 838 2591 [super
860 2544 998 2591 quibus]
1021 2556 1100 2578 cum
1129 2545 1316 2579 serenitate
1343 2545 1377 2578 in
1404 2545 1495 2578 hunc
1522 2544 1627 2579 finem

138 2605 302 2641 omnibus
327 2606 560 2651 complanatis
586 2605 897 2651 recognitionibus,
924 2604 1202 2650 quittationibus‚
1229 2603 1432 2638 differentiis
1453 2612 1486 2638 et
1505 2605 1628 2638 debitis

138 2676 178 2699 ac
205 2665 359 2711 ipsorum
385 2665 668 2711 inscriptionibus
695 2665 838 2706 mutuis,
867 2675 955 2710 quae
982 2664 1098 2697 datam
1133 2665 1346 2709 presentium
1378 2672 1629 2709 precesserunt,

138 2724 308 2758 mutilatis
333 2732 368 2758 et
394 2724 429 2759 in
456 2725 606 2758 nihilum
633 2725 793 2763 redactis,
821 2724 944 2757 deveni
973 2731 1005 2757 et
1034 2723 1138 2757 venio
1173 2735 1231 2767 per
1262 2731 1438 2769 presentes
1461 2734 1628 2768 recogno-

139 2794 266 2830 scoque
300 2794 356 2818 me
389 2783 579 2830 obligando
614 2784 676 2829 ipsi
711 2783 856 2817 domino
895 2794 975 2816 meo
1002 2782 1145 2816 l'olonie
1183 2783 1253 2827 regi
1290 2783 1322 2816 in
1360 2792 1447 2822 1300
1487 2781 1628 2816 florenis

137 2844 284 2890 hungar.
311 2843 390 2877 iusti
417 2852 451 2878 et
479 2844 549 2878 veri
578 2843 753 2889 ponderis,
780 2843 832 2877 cui
861 2843 978 2876 debito
1006 2843 1117 2888 ipsum
1144 2842 1312 2888 Seraphin
1348 2843 1480 2876 socium
1509 2854 1625 2876 meum

140 2901 175 2935 in
201 2901 299 2935 nullo
325 2902 406 2935 volo
431 2902 652 2936 subiacere».
682 2900 736 2945 Cs.
764 2913 814 2934 nr.
843 2901 896 2944 67.
