2201 3554
863 357 908 374 .,-

769 369 1003 399 --)-

233 459 302 502 36.
338 457 504 501 Senatus
540 456 769 514 reipublicae
808 456 970 499 Venetae
1013 456 1192 509 mandat,
1224 464 1263 498 ut
1297 456 1491 499 cambium
1528 456 1630 499 Gui-

146 527 253 572 lelmi
284 527 466 572 Rummel
495 527 682 570 solvatur.

890 586 1069 637 Veneliis,
1106 600 1161 640 30
1195 586 1383 628 Ianuarii
1415 599 1540 641 1423.

237 693 345 736 1422
366 688 376 705 ¹
406 678 471 722 die
499 692 552 735 30
579 679 767 722 Ianuarii.
797 680 871 723 Ser
900 679 1141 721 Franciscus
1175 679 1341 721 fuscari
1374 689 1630 736 procurator,

144 752 347 810 sapientes
380 751 554 794 consilii.

232 821 376 880 Capta.
411 822 522 866 Cum
567 821 665 864 alias
705 835 811 877 1419
845 821 1043 864 existente
1085 821 1306 864 Francisco
1338 820 1388 863 de
1430 820 1467 863 la
1510 821 1629 877 Siega

142 894 304 936 notario
336 893 378 935 in
411 892 630 945 Cmcovia,
662 892 827 950 quando
859 908 956 934 eum
990 893 1184 934 misimus
1216 891 1266 934 ad
1313 892 1627 934 serenissimum

142 978 285 1021 regem
318 963 506 1015 Polonie‚
539 963 624 1019 ipse
658 961 844 1005 habuerit
875 962 923 1004 ad
956 961 1166 1004 cambium
1199 977 1219 1004 a
1253 977 1318 1004 ser
1351 962 1513 1004 Petro
1547 962 1631 1003 Bi—

142 1033 379 1077 charano
402 1033 463 1077 ‘de
496 1034 654 1076 ratione
688 1033 887 1077 Guilelmi
921 1033 1072 1076 Rumel
1104 1033 1154 1076 de
1187 1033 1471 1090 Norimbergo
1507 1031 1632 1075 duca-

141 1116 206 1149 tos
240 1119 295 1162 94
327 1120 403 1163 pro
436 1104 552 1148 factis
585 1103 660 1148 sibi
688 1105 929 1148 commissis
962 1119 1033 1161 per
1065 1115 1257 1147 nostrum
1282 1103 1534 1156 dominium,
1560 1105 1630 1161 qui

139 1176 296 1219 denarii
329 1177 446 1219 missi
480 1175 643 1220 fuerunt
681 1175 730 1219 ad
759 1175 1005 1218 solvendum
1041 1176 1250 1227 Venetias,
1283 1187 1322 1218 et
1363 1176 1456 1218 licet
1488 1174 1630 1218 cedula

140 1246 246 1290 facta
276 1248 328 1290 sit
359 1258 400 1290 et
432 1248 558 1290 missa
591 1247 639 1290 ad
672 1247 924 1289 camerarios
957 1248 1087 1290 nostri
1121 1247 1327 1299 comunis,
1360 1258 1498 1289 tamen
1532 1245 1630 1289 dicti

139 1318 295 1362 denarii
327 1317 458 1361 adhuc
486 1333 571 1361 non
604 1329 698 1361 sunt
731 1319 870 1371 soluti,
897 1318 1008 1375 quod
1035 1330 1096 1360 est
1122 1333 1219 1360 cum
1247 1333 1372 1360 onere
1398 1319 1529 1361 nostri
1555 1317 1631 1360 do-

140 1390 274 1443 minii,
304 1390 396 1447 quia
430 1390 504 1442 illi,
537 1390 606 1448 qui
640 1401 734 1432 sunt
765 1404 841 1446 pro
873 1389 984 1432 dicto
1013 1390 1227 1433 Guilelmo
1256 1389 1419 1442 Rumel,
1446 1388 1629 1447 quotidie

140 1459 345 1504 solicitant
376 1471 416 1502 et
447 1472 756 1518 conqueruntur
788 1459 838 1502 de
870 1460 963 1503 hoc.
998 1460 1121 1503 Vadit
1155 1475 1248 1517 pars
1290 1475 1365 1517 pro
1397 1459 1558 1503 honore
1590 1471 1630 1502 et

138 1530 278 1575 debito
309 1532 441 1574 nostri
473 1531 664 1583 dominii,
696 1531 807 1589 quod
834 1531 884 1574 de
917 1533 1101 1588 pecuniis
1134 1533 1310 1588 acceptis
1343 1531 1392 1574 ad
1419 1529 1628 1574 cambium

138 1617 215 1660 pro
247 1601 432 1646 Candida
463 1602 551 1646 dari
581 1601 732 1645 debent
763 1613 801 1644 et
825 1602 930 1644 solvi
952 1601 1049 1645 dicti
1080 1601 1216 1645 ducati
1245 1616 1300 1658 94
1320 1601 1504 1658 predicto
1527 1601 1630 1644 Gui-

139 1673 266 1716 lelmo
299 1673 451 1716 Rumel
483 1684 552 1716 aut
582 1673 678 1724 illis,
710 1673 779 1731 qui
812 1687 888 1730 pro
920 1687 970 1716 eo
1003 1684 1096 1715 sunt
1129 1672 1194 1715 hic
1226 1673 1427 1716 Venetiis.

227 1744 292 1788 De
323 1756 437 1802 parte
469 1745 550 1798 alii,
583 1744 632 1788 de
664 1759 748 1787 non
784 1757 822 1796 2,
856 1760 940 1787 non
973 1744 1119 1787 sinceri
1157 1757 1193 1786 2.

232 1839 402 1882 Venetiis,
429 1841 536 1874 Arch.
562 1841 596 1874 di
623 1840 733 1881 Stato,
754 1840 894 1881 Senam,
922 1840 1015 1874 Misti
1048 1849 1088 1882 54
1114 1840 1134 1873 s.
1158 1839 1236 1874 80v¹
1256 1860 1299 1865 -—
1320 1839 1382 1873 Ed.
1406 1839 1629 1881 Simonsseffl,

138 1898 302 1934 Fondaco
328 1899 383 1933 dei
410 1898 583 1933 Tedeschi
610 1899 645 1932 in
671 1898 831 1943 Venedig
858 1898 883 1939 Ι,
910 1910 941 1944 p.
975 1908 1048 1942 172,
1075 1910 1126 1932 nr.
1157 1908 1233 1942 330.

229 2018 300 2061 37.
335 2016 551 2060 Fideiussio
584 2016 735 2060 Albicii
767 2016 902 2059 Italici
927 2025 999 2074 pro
1031 2017 1209 2059 Antonio
1242 2015 1395 2059 Italico.

914 2122 1140 2174 Cracoviae‚
1179 2136 1229 2176 Ι)-
1265 2122 1377 2164 Maii
1413 2134 1538 2177 1423.

225 2215 480 2259 Albicius
507 2216 685 2268 Italicus,
711 2216 970 2260 theloneator
997 2217 1304 2269 Crat-oviensis,
1327 2214 1527 2259 fideiussit
1553 2230 1626 2272 pro

137 2287 425 2331 Anthonio
467 2289 591 2330 etiam
624 2288 781 2340 Italico,
813 2287 924 2346 quod
958 2287 1163 2345 predictus
1195 2289 1404 2331 Antonius
1437 2288 1479 2330 in
1511 2298 1628 2329 octo-

137 2356 271 2402 decim
305 2359 546 2415 septimanis
572 2375 594 2401 a
622 2358 728 2401 festo
756 2358 1050 2402 penthecostes
1077 2357 1358 2416 computando
1385 2356 1506 2400 debet
1531 2371 1628 2414 por-

137 2439 222 2472 tare
260 2429 439 2472 litteram
472 2428 522 2472 de
556 2429 761 2472 Wenetiis
804 2431 1144 2482 testimonialem,
1176 2431 1270 2487 quia
1303 2441 1365 2473 est
1406 2429 1555 2472 nobilis
1587 2441 1627 2472 ct

136 2498 187 2544 de
218 2499 349 2543 nobili
381 2501 581 2558 sanguine
613 2501 825 2558 processit.
861 2502 964 2555 Qui,
998 2503 1030 2544 si
1058 2517 1143 2544 non
1170 2501 1347 2559 portabit
1374 2516 1448 2544 nec
1481 2501 1529 2543 ad
1563 2501 1626 2543 ius

136 2571 275 2629 ipsum
301 2582 451 2614 statuet
476 2571 664 2614 Albicius
691 2583 880 2629 tempore
906 2574 1130 2630 assignato,
1156 2584 1253 2616 tunc
1283 2574 1336 2615 60
1364 2587 1524 2614 marcas
1551 2587 1627 2614 no-

137 2640 286 2686 bilibus
312 2641 603 2699 Pyethuchoni
629 2653 668 2685 et
693 2642 844 2686 Iacobo
871 2642 1063 2687 fratribus
1088 2642 1138 2687 de
1164 2642 1437 2686 Dzadussicze
1463 2642 1625 2685 solvere

139 2727 184 2756 se
215 2711 407 2756 submisit
439 2712 638 2756 Albicius.

231 2808 362 2850 Helcel,
387 2807 616 2844 Starodawne
643 2821 760 2855 prawa
787 2810 966 2856 polskiego
992 2810 1146 2856 pomniki
1176 2810 1218 2853 II,
1244 2822 1296 2844 nr.
1328 2820 1425 2856 1924.

234 2955 245 2974 ¹
274 2948 455 2984 Secundum
482 2955 630 2985 nostrum
656 2951 881 2985 calendarium
911 2962 1010 2995 1423.
