2201 3554
1119 271 1353 312 —65—

492 384 762 441 bcxognando
795 399 862 426 me
889 381 1021 425 offero
1043 381 1093 424 de
1114 395 1288 438 provar,
1312 380 1466 423 chomo
1499 379 1534 422 el
1561 379 1672 422 dicto
1705 380 1841 422 Zuane
1872 379 1980 423 andc')

491 458 553 502 del
582 472 698 500 mexe
720 456 769 499 de
797 470 932 511 zugno
964 455 1070 509 1428
1100 469 1121 495 a
1145 451 1408 496 Clmrchovia
1441 452 1481 493 in
1514 451 1550 493 le
1583 461 1694 508 parte
1716 449 1767 494 de
1793 450 1979 494 Polanna

491 545 511 572 ιι
544 529 669 571 cham
702 526 765 569 del
798 526 908 569 dicto
941 523 1156 567 Anthonio
1199 538 1278 566 con
1310 522 1346 565 la
1378 521 1485 564 dicta
1517 522 1718 564 sententia
1750 520 1976 576 arbitraria,

491 616 511 642 e
544 614 628 641 non
655 598 695 640 lo
719 596 827 639 volle
855 596 1055 651 stringere
1088 595 1127 636 ni
1161 592 1365 636 eciamdio
1396 593 1439 634 in
1472 592 1695 645 Breslavia,
1719 607 1797 635 ove
1820 606 1976 635 eranno

491 671 570 712 essi
604 680 641 712 et
673 683 748 711 suo
782 666 889 719 beni,
921 676 960 708 et
992 664 1221 708 avendosse
1253 664 1414 706 volluto
1447 678 1616 721 pagarse
1647 663 1712 706 dal
1746 662 1856 706 dicto
1889 663 1977 705 An-

490 740 636 782 thonio
663 739 703 781 in
726 737 858 794 quella
885 735 978 779 flata
1004 736 1053 778 de
1075 734 1213 792 quello
1240 734 1380 777 screbe
1415 744 1520 776 stato
1553 745 1714 791 pagato,
1740 732 1889 791 perche
1910 747 1978 776 era

491 812 531 854 in
564 809 701 853 buona
734 808 942 858 adici0ne3
976 822 998 849 e
1031 807 1128 863 perc')
1162 821 1204 848 se
1237 820 1303 848 ser
1336 806 1447 848 Zuan
1489 820 1574 848 non
1607 807 1629 847 a
1660 806 1806 847 voiuto
1839 815 1879 847 et
1911 819 1979 847 era

490 893 642 924 astreto
675 880 724 923 de
757 879 872 931 farlo,
907 877 1091 921 adoncha
1125 876 1190 920 l'2'1
1223 892 1352 920 raxon
1384 892 1469 919 non
1501 876 1551 919 de
1584 876 1740 919 vollere
1783 877 1824 919 io
1859 875 1886 918 li
1919 876 1979 919 sia

490 964 648 996 tenuto.
683 952 713 994 E
741 950 829 994 chel
854 966 937 993 non
961 949 1024 992 abi
1053 948 1136 992 fato
1165 949 1200 991 la
1227 948 1409 1006 segonda
1433 947 1592 1001 vedete,
1618 947 1693 991 ch<²
1715 948 1753 991 le
1779 947 1978 1001 chiareze,

491 1025 565 1067 che
592 1024 617 1066 l'
633 1026 668 1075 21,
702 1038 807 1065 sono
830 1033 916 1064 tute
939 1035 1008 1078 per
1031 1022 1285 1078 inganarme,
1313 1031 1351 1063 et
1378 1035 1462 1062 non
1489 1035 1595 1062 sono
1620 1012 1748 1072 zusffe,
1775 1020 1874 1076 perc'>
1901 1033 1979 1062 son

492 1095 575 1138 fato
608 1109 692 1137 uno
724 1108 833 1136 anno
871 1092 920 1135 da
964 1092 1032 1149 poi
1065 1091 1247 1134 l'acordo
1281 1091 1367 1134 fece
1400 1107 1479 1134 con
1511 1090 1727 1134 Anthonio
1754 1101 1794 1132 et
1820 1091 1862 1132 in
1894 1090 1978 1132 mia

490 1167 692 1218 absencia,
725 1181 746 1207 e
779 1179 863 1207 non
897 1162 1137 1220 preindicio,
1171 1178 1238 1205 ma
1271 1177 1342 1219 per
1377 1163 1439 1205 via
1471 1162 1521 1205 de
1554 1175 1872 1219 compromesso
1904 1160 1979 1204 che

491 1253 574 1281 non
601 1252 698 1279 avea
727 1235 894 1279 arbitrio
925 1234 975 1277 de
1009 1245 1342 1291 comprometere
1369 1233 1506 1290 quello
1539 1234 1579 1276 io
1613 1233 1667 1290 gli
1701 1247 1768 1276 era
1794 1231 1978 1290 ubligato

492 1324 575 1351 non
607 1306 767 1350 avendo
801 1304 1044 1349 contrafato.
1074 1305 1104 1347 E
1132 1305 1275 1348 vedete
1299 1304 1453 1358 chiaro,
1480 1304 1696 1347 Antlionio
1723 1304 1751 1346 li
1780 1303 1819 1346 fa
1843 1303 1978 1362 quelle

492 1379 689 1432 chiareze‚
722 1393 793 1435 per
825 1388 961 1419 torme
993 1377 1126 1434 questi
1158 1376 1298 1419 danari
1331 1375 1537 1419 abiandoli
1569 1376 1701 1433 prima
1739 1376 1797 1418 lui
1828 1375 1978 1434 pagati,

493 1449 639 1507 perche
666 1449 700 1491 el
734 1448 844 1491 dicto
877 1447 1093 1490 Anthonio
1124 1462 1210 1490 non
1242 1448 1336 1490 vive
1368 1447 1451 1504 plui
1485 1447 1638 1490 chomo
1671 1448 1759 1490 mio
1792 1445 1978 1499 fradello,

494 1537 559 1564 ma
592 1520 736 1563 zercha
769 1530 909 1562 contra
937 1518 986 1561 de
1009 1534 1077 1561 me
1102 1529 1257 1576 quanto
1279 1519 1361 1575 pub
1389 1530 1429 1561 et
1448 1534 1469 1561 a
1498 1533 1566 1560 me
1583 1517 1741 1571 diffato‚
1769 1517 1924 1560 chomo
1956 1519 1978 1560 ὲ

492 1592 728 1644 manifesto,
752 1591 899 1649 perche
927 1593 947 1633 ε
980 1590 1124 1633 cercha
1157 1592 1254 1633 anni
1287 1603 1340 1632 20
1373 1592 1395 1632 ἐι
1428 1591 1586 1632 moiere
1619 1589 1668 1632 de
1701 1590 1736 1632 Ιὲι
1769 1605 1791 1632 ε
1822 1589 1980 1647 parenti

492 1664 555 1707 del
588 1662 698 1706 dicto
731 1678 796 1705 ser
828 1663 941 1704 Zuan
967 1660 1148 1704 Bancho.
1177 1661 1208 1704 E
1237 1675 1308 1718 per
1334 1661 1467 1718 quelle
1500 1676 1584 1704 non
1617 1676 1746 1718 prova
1772 1675 1869 1703 aver
1895 1659 1980 1703 fato

494 1735 590 1792 ogni
607 1735 905 1791 experimento.
925 1734 956 1775 E
976 1733 1051 1776 che
1069 1748 1153 1776 non
1173 1733 1236 1775 abi
1253 1732 1336 1775 fato
1357 1732 1393 1775 la
1413 1744 1535 1786 tesza,
1557 1732 1716 1786 vedete‚
1735 1748 1820 1775 non
1837 1747 1980 1790 pmva,

491 1822 534 1849 se
566 1821 620 1849 no
654 1821 723 1863 per
756 1805 959 1847 Anzelino
985 1804 1035 1848 de
1059 1805 1190 1858 Roxa,
1219 1804 1294 1848 che
1321 1805 1442 1862 port&
1474 1805 1515 1847 lo
1547 1804 1658 1848 dicto
1691 1805 1872 1847 cremexi
1904 1803 1980 1847 che

491 1892 575 1919 uno
602 1891 758 1934 povero
791 1875 991 1919 todescho
1029 1887 1068 1918 et
1100 1891 1184 1918 non
1217 1878 1238 1918 ὲ
1279 1876 1430 1918 idoneo
1462 1876 1715 1928 testemonii,
1753 1876 1852 1933 perc')
1894 1890 1980 1918 non

491 1964 533 1991 se
566 1947 631 1991 die
659 1947 822 1990 credere
849 1947 933 2004 plui
961 1946 1102 1990 alhora
1129 1947 1165 1990 al
1191 1946 1302 1990 dicto
1337 1946 1412 1989 che
1437 1947 1603 2004 quando
1635 1962 1739 1990 vene
1766 1962 1788 1990 e
1814 1946 1980 2004 portolo

492 2021 533 2062 in
554 2019 723 2076 fontego
745 2018 794 2061 de
817 2018 975 2061 todesci
1001 2018 1094 2061 dixe
1127 2018 1163 2061 el
1197 2019 1426 2070 contrari03
1461 2034 1482 2061 e
1514 2034 1584 2075 per
1613 2019 1742 2061 molte
1769 2017 1981 2062 avidencie

492 2090 597 2133 dicte
615 2106 635 2132 a
655 2089 784 2132 bocha
809 2089 956 2132 vedere
975 2089 1114 2132 chiaro
1133 2105 1218 2132 non
1240 2089 1330 2132 dice
1353 2090 1495 2142 verini,
1524 2089 1599 2132 che
1622 2089 1750 2133 sendo
1773 2089 1857 2133 fato
1879 2104 1980 2132 vero

491 2161 526 2204 ai
560 2161 720 2204 consoli
747 2159 903 2203 l'arebe
930 2160 1106 2217 allegato
1131 2160 1296 2218 quando
1321 2160 1362 2203 fo
1396 2171 1524 2203 streto
1550 2176 1571 2203 a
1604 2176 1727 2218 pagar
1760 2159 1863 2204 libre
1897 2174 1980 2217 300

491 2234 639 2290 grossi.
665 2233 706 2276 Si
729 2232 803 2274 che
827 2231 966 2275 chiaro
989 2232 1136 2275 vedere
1163 2247 1248 2275 non
1274 2247 1401 2289 prova
1425 2247 1504 2274 con
1530 2233 1672 2274 veritii.

580 2304 730 2359 Priego
762 2303 799 2345 le
826 2302 1139 2359 magnificencie
1173 2313 1311 2346 vostre
1338 2304 1380 2346 in
1406 2314 1548 2360 questa
1571 2302 1753 2360 segonda
1786 2314 1898 2360 parte
1930 2318 1980 2346 ve

491 2376 602 2432 piaza
635 2374 713 2417 ben
736 2374 923 2418 intendes
944 2385 1058 2417 tanto
1081 2376 1278 2432 inganno,
1302 2385 1456 2432 quanto
1479 2390 1547 2417 me
1579 2376 1675 2417 vien
1708 2374 1806 2428 fato,
1840 2374 1916 2418 che
1942 2375 1980 2418 la

491 2446 691 2489 chaxione
717 2447 752 2499 ὲ,
775 2445 864 2488 chel
887 2445 998 2489 dicto
1021 2460 1086 2488 ser
1113 2446 1251 2495 Zuane
1278 2461 1362 2488 non
1388 2445 1499 2488 volle
1532 2447 1805 2503 sperinientar
1825 2447 1869 2489 ni
1897 2445 1980 2489 fare

491 2533 511 2559 a
543 2518 641 2574 ogni
675 2532 751 2559 suo
783 2532 906 2574 possa
938 2516 987 2560 de
1020 2532 1131 2559 esser
1153 2527 1301 2574 pagato
1324 2516 1385 2560 da]
1416 2517 1499 2560 lato
1525 2515 1566 2560 di
1594 2517 1631 2559 12¹1
1659 2515 1723 2560 del
1746 2516 1859 2560 dicto
1891 2531 1980 2560 cre-

492 2589 602 2630 mexi
626 2587 681 2641 fu,
707 2587 856 2644 perche
889 2602 945 2630 no
972 2588 1027 2645 gli
1055 2602 1122 2630 era
1149 2587 1198 2630 de
1222 2587 1399 2645 bisogno
1426 2603 1497 2644 per
1529 2588 1593 2630 zie>
1625 2587 1701 2630 che
1734 2587 1871 2631 subito
1894 2587 1978 2631 fato

491 2657 526 2699 la
544 2657 651 2700 dicta
674 2658 875 2700 sententia
897 2656 1120 2711 arbitraria,
1142 2658 1178 2700 el
1201 2657 1311 2701 dicto
1335 2672 1400 2700 ser
1423 2658 1560 2700 Zuane
1583 2673 1625 2700 se
1642 2656 1779 2700 nandb
1802 2673 1823 2700 a
1847 2657 1979 2702 Char-

492 2728 640 2770 chovia
657 2728 720 2771 dal
745 2727 855 2771 dicto
878 2729 1092 2771 Anthonio
1111 2744 1189 2771 con
1211 2728 1246 2771 la
1269 2728 1375 2771 dicta
1399 2729 1597 2771 sententia
1620 2729 1683 2772 del
1709 2744 1827 2771 mexe
1856 2730 1979 2785 1428,

492 2816 512 2840 e
531 2799 554 2840 Γ]
579 2814 657 2841 con
685 2799 719 2842 el
747 2799 858 2842 dicto
888 2800 1102 2842 Anthonio
1121 2800 1257 2842 subito
1285 2799 1473 2843 s’acordi)
1493 2799 1558 2843 del
1585 2799 1695 2843 dicto
1722 2800 1917 2854 cremexi,
1940 2810 1981 2843 et

493 2869 540 2912 de
567 2870 704 2927 quello
732 2871 756 2912 li
788 2870 870 2914 feze
897 2883 1082 2913 termene
1110 2872 1219 2914 mcxi
1245 2873 1267 2914 6
1289 2886 1314 2913 ο
1335 2870 1501 2923 zercha3
1525 2888 1546 2914 e
1567 2871 1675 2915 dove
1701 2870 1833 2915 dovea
1859 2885 1980 2914 avere
