2201 3554
1145 294 1375 334 —62—

608 412 675 452 62.
711 406 931 464 Recognitio
953 404 1162 461 Reginala'i
1193 403 1363 446 Altoviti
1387 403 1431 445 de
1459 401 1659 444 Florentia
1687 409 1758 458 pro
1786 407 1897 457 parte
1915 399 2006 442 An-

521 480 615 523 lonii
649 478 838 521 Iohannis
871 477 1047 533 snpparii
1081 474 1362 518 Cracoviensis.

1211 582 1391 632 Veneriis,
1431 594 1480 635 15
1517 578 1913 634 Novembris-1430.

607 681 686 723 Die
720 694 763 735 15
788 679 944 721 mensis
961 675 1218 720 Novembris
1237 675 1402 734 [1430]
1428 676 1502 718 Ser
1520 673 1729 717 Reneldus
1746 673 1796 716 de
1812 672 2006 715 Allexane

517 752 592 795 dro
615 751 789 793 Altoviti
811 749 861 792 de
891 749 1117 801 Florenzia,
1141 747 1189 790 ad
1216 761 1384 804 presens
1412 761 1576 788 moram
1603 744 1768 787 trahens
1794 745 1837 786 in
1868 743 2006 786 Vene-
2055 767 2059 771 -

517 823 597 873 tiis,
637 821 751 864 testis
784 819 1009 877 productus
1037 829 1076 861 et
1102 818 1358 861 examinatus
1382 831 1503 874 super
1535 815 1806 872 infrascriptis
1839 829 1916 857 suo
1943 829 2006 856 sa-

517 903 730 935 cramento
750 891 865 942 dixit,
889 901 927 933 et
950 890 1087 947 primo
1106 890 1374 944 interogatus,
1397 889 1430 930 si
1453 888 1494 929 in
1512 887 1736 944 quantitate
1758 885 2003 928 ducatorum

524 975 631 1019 1500
659 963 742 1005 auri
767 977 832 1004 ser
854 962 1064 1004 Antonius
1087 959 1282 1003 Iohannis
1303 959 1353 1002 de
1377 959 1518 1011 Riziis,
1540 952 1747 1000 habitator*
1771 955 1819 999 ad
1837 971 2005 1013 presens

518 1035 558 1076 in
597 1033 874 1084 Charchovia,
908 1032 1023 1089 regni
1058 1031 1225 1083 Polane,
1266 1040 1372 1072 esset
1415 1019 1714 1071 sufficiens'ad
1757 1025 2002 1070 solvendum

517 1115 673 1148 tantam
692 1104 959 1161 quantitatem
980 1118 1050 1145 seu
1066 1102 1196 1145 eciam
1215 1100 1367 1144 ibidem
1389 1110 1528 1158 posset
1546 1099 1736 1142 convinci
1760 1109 1799 1140 et
1816 1098 2005 1140 astrictus

517 1175 565 1218 ad
600 1176 730 1232 ipsam
766 1173 1024 1226 solvendam,
1058 1171 1281 1230 respondit,
1323 1171 1432 1228 quod
1467 1171 1623 1227 optime
1661 1169 1822 1212 solvere
1866 1179 2006 1226 posset
2053 1189 2062 1194 -

516 1247 649 1303 ipsam
676 1245 961 1303 quantitatem,
994 1259 1078 1286 non
1112 1254 1251 1285 tamen
1282 1242 1332 1285 de
1364 1230 1541 1284 denariis
1573 1240 1643 1284 sed
1675 1240 1725 1283 de
1757 1240 1869 1292 salle,
1901 1254 2004 1301 ymo

516 1329 624 1360 esset
650 1317 781 1359 eciam
815 1314 1024 1358 sufficiens
1051 1330 1093 1357 se
1116 1313 1204 1373 [ad]
1232 1312 1473 1356 solvendam
1503 1313 1707 1355 maiorem
1733 1311 2004 1368 quantitatem

495 1419 498 1422 ⁴
518 1387 653 1440 huius,
677 1399 714 1429 et
727 1387 857 1429 eciam
875 1401 946 1443 per
964 1386 1279 1428 serenissimum
1302 1399 1443 1441 regem
1472 1382 1640 1425 Pollane
1659 1382 1888 1439 constringi
1909 1396 2007 1439 pos-

517 1469 578 1500 set
604 1457 651 1500 ad
681 1455 921 1499 huiusmodi
948 1467 986 1499 et
1014 1457 1219 1498 maiorem
1251 1455 1519 1512 quantitatem
1549 1452 1792 1496 solvendam
1825 1451 2003 1495 cuilibet.
2062 1446 2066 1450 ⁴

517 1530 789 1585 Interogatus,
822 1529 855 1570 si
887 1529 928 1570 in
961 1526 1071 1570 dicto
1104 1542 1233 1584 regno
1261 1526 1416 1569 Polane
1453 1525 1607 1568 reditur
1640 1525 1798 1568 bonum
1831 1525 1894 1567 ius
1926 1524 2006 1567 Ita-

517 1601 618 1653 licis,
642 1599 866 1657 respondit,
889 1598 999 1657 quod
1023 1599 1095 1651 sic,
1113 1613 1198 1640 non
1219 1609 1379 1640 tantum
1402 1597 1568 1649 Italicis,
1592 1608 1653 1639 set
1674 1595 2004 1654 quibuscumque

517 1673 704 1729 personis
737 1672 1034 1729 cuiuscumque
1071 1671 1234 1728 generis
1267 1670 1348 1712 sint
1381 1681 1420 1712 et
1452 1668 1575 1711 alliud
1609 1682 1731 1725 super
1773 1667 1882 1710 inde·
1903 1666 2004 1709 nihil

515 1743 629 1786 dixit.
1339 1737 1341 1739 ·
1784 1725 1793 1742 ‘

610 1850 779 1892 Veneriis,
806 1850 975 1884 Archivio
1002 1850 1035 1883 di
1061 1849 1170 1891 stato,
1198 1849 1361 1889 Pefflion,
1387 1848 1570 1882 Extraord.
1597 1847 1720 1881 nodari
1751 1856 1802 1887 10,
1831 1845 1850 1880 f.
1880 1855 1930 1890 7⁸⁷.
1961 1866 2003 1870 —

516 1908 557 1942 In
585 1910 751 1955 margine:
780 1909 834 1943 Ad
862 1909 1066 1943 instantiam
1094 1920 1147 1943 ser
1179 1908 1360 1942 Michaelis
1393 1908 1560 1963 Iohannis
1595 1907 1636 1941 de
1666 1906 1773 1940 Riziis
1803 1913 1924 1940 contra
1949 1916 2006 1939 ser

513 1968 706 2004 Iohannem
730 1969 881 2003 Bancho.
909 1969 1050 2003 Iuravit.
1937 1971 1943 1974 “

603 2119 670 2159 63.
706 2117 908 2159 Processns
942 2118 1041 2159 inter
1074 2116 1288 2159 Iohannem
1324 2115 1439 2158 Banlc
1473 2115 1515 2157 de
1558 2114 1819 2156 lVratislavia
1851 2121 1886 2156 et
1919 2113 2005 2155 Mi-

514 2187 677 2229 chaelem
712 2187 917 2240 Iohannis,
949 2189 1015 2245 qni
1042 2202 1180 2230 merces
1212 2187 1402 2244 quasdam
1434 2186 1482 2228 ab
1516 2188 1593 2242 ipso
1622 2185 1796 2228 Iohanne
1827 2184 2005 2228 Venetias

516 2259 665 2311 missas,
690 2257 816 2314 fratri
847 2274 914 2301 sno
949 2259 1126 2302 Antonio
1157 2259 1202 2301 de
1238 2258 1430 2301 Cracovia
1461 2258 1677 2314 adscripsit.

710 2364 888 2416 Veneriis,
929 2365 982 2407 16
1015 2364 1237 2407 Decembris
1273 2377 1383 2420 1430
1420 2391 1441 2394 —
1479 2377 1529 2418 15
1565 2363 1754 2406 Ianuarii
1789 2376 1913 2418 1431.

603 2459 683 2501 Die
717 2460 765 2501 16
795 2460 950 2501 mensis
983 2457 1227 2502 Dezembris
1267 2472 1388 2515 1430.
1424 2459 1553 2516 Super
1580 2459 1797 2516 questione
1819 2467 2004 2500 vertente

512 2530 618 2572 inter
652 2544 717 2572 ser
748 2529 976 2573 Iohannem
1001 2530 1169 2572 Bancho
1202 2529 1251 2572 de
1284 2530 1492 2572 Breslavia
1524 2544 1572 2571 ex
1605 2533 1830 2586 parte'una
1862 2538 2004 2586 peten-

511 2611 612 2651 tem,
645 2611 683 2643 et
717 2615 782 2643 ser
814 2601 1063 2644 Michaelem
1097 2601 1293 2645 Iohannis
1326 2618 1375 2644 ex
1408 2602 1484 2644 alia
1516 2600 1837 2653 deffendentem,
1869 2599 2003 2644 dictus

512 2682 624 2714 actor
646 2673 701 2714 sic
727 2672 943 2729 allegando
964 2672 1135 2716 dicebat.
1161 2673 1364 2716 Conzosia
1391 2673 1481 2716 chel
1499 2672 1610 2716 dicto
1633 2687 1697 2715 ser
1721 2673 1858 2714 Zuane
1886 2687 2001 2714 man-

511 2741 629 2784 dasse
661 2758 732 2799 per
774 2758 838 2785 ser
869 2744 1043 2786 Anzelin
1074 2743 1124 2805 de
1158 2743 1304 2786 Ruoxa
1335 2743 1609 2800 d'Alemagna
1642 2759 1662 2785 a
1696 2743 1881 2786 Venexia
1912 2757 1934 2784 a
1965 2741 2002 2784 le

513 2829 608 2855 man
636 2812 698 2856 del
723 2814 835 2857 dicto
868 2815 1037 2858 Michiel
1064 2815 1114 2858 de
1139 2831 1266 2858 raxon
1300 2815 1362 2858 del
1389 2815 1501 2859 dicto
1528 2816 1666 2858 Zuane
1698 2815 1893 2867 cremexi,
1927 2813 2001 2856 che

513 2899 612 2941 pexa
638 2886 678 2927 in
706 2885 872 2942 fontego
895 2886 934 2929 di
959 2886 1142 2930 todeschi
1167 2886 1267 2930 libre
1292 2889 1418 2943 2673,
1447 2904 1467 2929 e
1494 2899 1602 2930 zerta
1625 2887 1806 2944 quantita
1827 2885 1878 2930 de
1899 2885 2001 2938 vari,
