2201 3554
497 452 582 508 regi
614 449 709 494 dare
741 461 781 492 et
813 449 975 492 solvere
1005 447 1135 492 debeo
1168 459 1207 490 et
1239 447 1287 490 ad
1319 446 1560 489 thezaurum
1603 445 1730 502 ipsius
1763 441 1981 486 efficaciter

497 522 683 565 infiscare
717 537 782 564 me
814 521 1012 577 astringo,
1046 520 1095 562 ita
1131 530 1284 571 tamen,
1317 516 1426 574 quod
1460 515 1509 559 de
1542 516 1670 573 gratia
1708 515 1819 571 regie
1851 513 1983 556 Maie-

497 594 610 636 statis
637 591 800 649 speciali
828 590 930 633 infra
957 589 1184 633 eorundem
1212 599 1386 646 quatuor
1414 602 1618 630 annorum
1646 587 1822 643 spatium
1851 596 1984 628 trans-

497 664 569 706 ibit
592 679 612 706 a
629 663 693 706 die
718 663 938 705 Dominica
962 661 1140 718 predicta
1164 676 1291 718 usque
1309 658 1357 702 ad
1375 670 1565 702 octavam
1591 656 1834 701 Conductus
1856 657 1983 698 Pasce

497 734 624 777 dictas
651 747 800 789 zuppas
827 731 951 774 libere
977 730 1126 773 tenebo
1152 741 1191 772 et
1218 745 1285 772 eas
1307 727 1567 786 dispensabo,
1595 727 1727 770 nullas
1755 726 1985 769 solutiones

497 805 547 848 de
576 803 731 846 eisdem
765 801 840 845 sibi
874 801 1082 854 faciendo,
1115 816 1165 844 eo
1192 802 1317 844 etiam
1351 800 1578 858 specialiter
1604 799 1824 841 interserto
1851 807 1890 839 et
1916 812 1985 839 ex-

499 890 655 932 presso,
687 872 797 931 quod
831 888 978 915 omnes
1004 871 1188 915 defectus
1220 886 1460 928 zupparum,
1487 871 1626 913 ruinas
1649 867 1986 911 salisfodinarum

500 962 570 988 seu
604 956 900 987 montanorum
927 941 976 985 ad
999 941 1257 986 edificiorum
1280 952 1318 984 et
1340 941 1566 984 domorum
1594 955 1714 996 supra
1741 950 1894 981 terram
1919 937 1987 980 vel

500 1015 575 1059 sub
607 1027 713 1058 terra
745 1016 788 1057 in
820 1013 1030 1067 omnibus,
1062 1029 1141 1071 que
1173 1012 1392 1056 reformari
1425 1012 1616 1069 poterint,
1643 1012 1752 1053 iuxta
1785 1009 1988 1052 informa-

499 1089 657 1130 tionem
686 1085 977 1129 subcamerarii
999 1096 1038 1128 et
1065 1084 1252 1142 magistri
1280 1084 1490 1126 montium
1518 1081 1760 1134 reformare,
1787 1079 1988 1123 ratificare

500 1170 539 1202 et
566 1160 791 1201 instaurare
813 1156 984 1200 tenebor
1006 1157 1183 1214 propriis
1209 1155 1393 1212 pecuniis
1417 1165 1455 1197 et
1477 1154 1681 1212 expensis,
1703 1162 1841 1210 parata
1867 1166 1990 1194 mon-

500 1241 592 1272 tana
625 1227 762 1271 debito
796 1226 1080 1270 moderamine
1113 1225 1343 1269 emendabo
1377 1236 1414 1267 et
1447 1226 1489 1267 in
1522 1225 1620 1281 ipsis
1653 1238 1814 1266 novum
1847 1221 1906 1264 sal
1941 1220 1991 1264 fi-

500 1299 643 1343 deliter
666 1296 914 1341 inveniendo
937 1308 975 1340 et
997 1297 1222 1355 querendo,
1245 1296 1513 1354 quadraginta
1535 1296 1661 1337 etiam
1682 1309 1810 1351 equos
1832 1292 1990 1351 regales

503 1385 598 1412 cum
625 1368 786 1412 duobus
815 1367 981 1411 famulis
1008 1368 1120 1425 ipsos
1147 1381 1276 1425 equos
1303 1365 1633 1423 attemptandum
1660 1363 1904 1422 deputandis
1929 1363 1992 1406 lo-

503 1456 594 1483 care
627 1441 669 1483 in
700 1439 856 1483 eisdem
888 1440 1028 1497 zuppis
1061 1449 1099 1481 et
1131 1437 1289 1496 pabulis
1327 1436 1576 1480 sufficienter
1610 1435 1802 1493 pabulare
1833 1433 1992 1478 debebo

504 1527 547 1554 ac
575 1513 764 1569 proprios
792 1511 971 1554 famulos
998 1509 1232 1567 adiungere,
1259 1519 1463 1566 quotquot
1489 1507 1538 1551 ad
1565 1506 1873 1565 procurandum
1900 1521 1994 1548 eos-

504 1583 599 1626 dem
631 1598 759 1640 equos
793 1582 944 1625 fuerint
976 1582 1212 1638 opportuni,
1245 1581 1355 1623 iuxta
1389 1578 1731 1623 consuetudinem
1765 1578 1992 1636 antiquitus

506 1653 765 1697 observatam
776 1669 786 1705 ;
816 1652 916 1695 dum
951 1663 1087 1695 autem
1121 1653 1256 1710 ipsum
1291 1666 1433 1709 regem
1466 1666 1512 1693 ac
1539 1651 1626 1693 eius
1653 1659 1893 1692 consortem
1919 1647 1995 1691 do-

507 1726 666 1768 minam
688 1726 872 1782 reginam
897 1723 946 1767 ad
968 1723 1194 1781 quamlibet
1219 1737 1447 1780 zupparum
1481 1719 1705 1764 earundem
1728 1720 1790 1763 bis
1815 1721 1859 1762 in
1886 1734 1994 1762 anno

507 1795 798 1839 tantummodo
831 1796 972 1838 venire
1008 1805 1046 1838 et
1078 1793 1326 1837 descendere
1359 1794 1594 1850 contigerit,
1634 1792 1732 1849 ipsis
1771 1802 1810 1834 et
1848 1805 1995 1833 eorum

508 1866 784 1910 curriensibus
817 1867 1044 1908 necessaria
1076 1864 1319 1907 victualium
1352 1875 1391 1906 et
1422 1862 1559 1921 pabuli
1592 1863 1827 1905 ministrare
1859 1859 1996 1903 domi-

508 1953 645 1994 noque
672 1938 757 1993 regi
775 1936 959 1994 predicto
986 1951 1057 1993 per
1080 1948 1158 1978 100
1178 1949 1305 1978 marc.
1333 1946 1374 1977 et
1399 1935 1487 1977 eius
1515 1933 1713 1986 consorti,
1736 1932 1906 1975 domine
1932 1946 1996 1974 re-

507 2009 615 2066 gine,
641 2023 713 2066 per
743 2020 793 2064 50
820 2006 973 2050 donare
999 2005 1157 2049 debebo
1184 2018 1224 2049 et
1250 2005 1412 2048 realiter
1437 2019 1586 2063 pagare
1613 2019 1709 2047 cum
1737 2002 1900 2056 effectu,
1926 2002 1997 2060 qui

509 2080 632 2121 etiam
665 2077 861 2121 dominus
895 2092 965 2120 rex
1003 2090 1081 2120 100
1109 2077 1262 2119 bancos
1295 2076 1390 2118 salis
1417 2075 1602 2133 quolibet
1635 2090 1744 2117 anno
1773 2073 1822 2117 de
1854 2073 1996 2131 zuppis

510 2149 700 2207 predictis
717 2148 835 2192 debet
852 2148 1109 2201 distribuere,
1128 2163 1232 2204 quos
1256 2147 1333 2190 sibi
1355 2163 1439 2190 non
1458 2147 1603 2199 carius,
1625 2147 1703 2189 nisi
1726 2161 1796 2203 per
1818 2147 1867 2202 ¹„s2
1888 2159 1999 2188 mar-

510 2236 602 2263 cam
634 2218 791 2263 debebo
825 2230 1079 2276 computare.
1115 2219 1337 2276 Reliquum
1371 2233 1472 2261 vero
1500 2218 1571 2270 sal,
1599 2218 1632 2260 si
1658 2215 1769 2275 quod
1802 2217 1908 2259 ultra
1936 2215 1999 2260 di-

511 2302 599 2334 ctos
633 2303 710 2333 100
745 2290 896 2333 bancos
930 2289 1023 2332 salis
1049 2289 1099 2332 de
1132 2289 1286 2332 eisdem
1315 2287 1581 2341 distribuerit,
1609 2288 1735 2331 michi
1764 2287 1998 2346 computari

511 2361 673 2405 debebit
713 2362 823 2404 iuxta
856 2360 1199 2404 consuetudinem
1232 2361 1384 2403 diutius
1417 2359 1694 2412 observatam,
1726 2358 1838 2417 quod
1873 2359 1996 2402 etiam

482 2489 485 2491 Α
512 2434 570 2476 sal
601 2445 788 2490 tempore
821 2434 902 2475 mei
936 2433 1192 2489 suppariatus
1229 2433 1354 2474 nimis
1387 2447 1529 2474 carum
1573 2430 1705 2474 facere
1738 2446 1822 2473 non
1853 2429 1999 2485 debeo,

511 2520 563 2547 ne
597 2504 789 2547 homines
822 2505 937 2561 regni
971 2518 1042 2560 per
1075 2519 1269 2560 magnam
1313 2503 1440 2560 ipsius
1473 2503 1679 2545 caristiam
1716 2512 1998 2560 gravarentur.

513 2577 703 2618 Preterea
735 2576 903 2632 cupiens
936 2574 1158 2617 incomoda
1192 2573 1422 2616 futurarum
1456 2573 1771 2616 altercationum
1804 2584 1845 2616 et
1877 2572 2001 2616 cavil-

513 2646 732 2698 lationum,
764 2660 842 2703 que
876 2645 981 2688 circa
1013 2639 1194 2688 rationes
1226 2644 1469 2702 plerumque
1502 2633 1882 2696 committebantur,
1914 2644 2001 2686 evi-

513 2729 598 2759 tare
631 2727 669 2758 et
711 2717 769 2758 eis
801 2715 985 2758 debitum
1020 2715 1151 2758 facere
1194 2714 1477 2767 moderamen,
1511 2730 1607 2757 cum
1645 2715 1794 2757 eodem
1826 2713 2001 2758 domino

515 2798 659 2830 nostro
678 2787 859 2843 gratioso
877 2786 1009 2829 taliter
1027 2784 1229 2838 ordinavi,
1246 2785 1355 2843 quod
1380 2785 1539 2828 sallaria
1562 2796 1755 2842 perpetua
1773 2796 1813 2828 et
1835 2786 2002 2843 signan-

515 2868 576 2899 ter
608 2857 874 2899 ecclesiarum
904 2857 1174 2909 Gneznensis,
1203 2857 1506 2909 CracoviensiS,
1534 2855 1804 2908 Boclmensis,
1829 2857 2003 2914 Nyepo-

517 2928 746 2980 lomiensis,
771 2927 1122 2984 Mycchoviensis,
1145 2943 1224 2985 que
1247 2927 1277 2969 B
1294 2942 1413 2984 ergr
1429 2943 1479 2970 ec
1496 2927 1548 2969 ht
1569 2927 1761 2970 dicuntur
1783 2938 1822 2970 et
1842 2927 2001 2970 sallaria
