2201 3554
769 341 1000 382 —15-

142 439 392 483 Gallicus
413 447 424 466 ¹
469 450 508 480 et
545 439 740 481 Iuntha
775 453 902 495 nepos
925 454 1037 491 suus,
1070 439 1248 496 zupparii
1274 440 1483 494 utriusque
1516 438 1624 487 salis,

142 509 419 560 redemerunt,
452 509 586 551 eidem
622 509 743 551 Petro
777 520 814 550 ct
847 508 993 551 Iunthc
1021 509 1142 565 pleno
1175 510 1261 551 iure
1300 509 1424 551 nichil
1465 523 1539 565 pro
1583 524 1625 550 se

141 592 394 622 reservantes
417 580 457 620 in
489 578 646 621 eisdem
668 580 851 635 pecuniis
873 579 1052 621 totaliter
1073 579 1320 635 obligarunt,
1343 577 1625 636 promittendo

140 650 182 692 in
214 649 379 701 forma3
411 650 477 692 tali
511 649 748 692 conditione
781 651 1034 706 interposita,
1072 650 1181 707 quod
1215 650 1324 693 idem
1366 649 1549 692 Paschco
1587 661 1626 691 et

139 719 344 763 Iohannes
378 735 498 776 super
540 720 695 762 eisdem
741 721 924 776 pecuniis
957 720 1091 763 eidem
1136 722 1259 764 Petro
1292 732 1330 763 et
1368 721 1514 763 Iuncze
1556 736 1627 763 ne—

139 792 224 848 poti
263 806 340 833 suo
385 791 436 834 de
480 791 585 847 gaiis
625 790 719 833 ville
757 790 935 847 predicte
975 790 1124 834 debent
1172 791 1356 834 laborare
1405 792 1626 848 vulgariter

139 862 448 919 wiszegacz
479 873 518 904 et
550 877 610 914 ea,
643 876 721 918 que
754 877 839 904 non
871 863 1080 918 potuerint
1111 861 1348 904 delaborare
1382 863 1422 904 in
1460 861 1625 905 residuo

139 930 290 975 dictam
330 932 469 974 villam
515 931 756 989 obligatorie
798 943 936 974 tencre
963 931 1167 974 debebunt
1201 948 1328 990 usque
1371 932 1418 975 ad
1461 933 1623 989 plenam

139 1005 460 1060 exemptionem.

235 1099 352 1134 Helcel
380 1099 421 1140 ΙΙ,
448 1111 499 1133 nr.
532 1109 631 1141 1191.
661 1120 705 1123 —
734 1098 786 1144 Cs.
814 1101 909 1132 etiam
938 1099 1052 1132 ibidem
1081 1111 1131 1132 nr.
1160 1109 1260 1143 1253,
1295 1109 1393 1142 1322,
1419 1100 1533 1143 335st

226 1220 295 1261 20.
332 1217 539 1273 Quaedam
571 1231 688 1259 causa
721 1217 821 1259 inter
849 1217 1082 1273 magistrum
1111 1216 1350 1259 Adonaldnm
1385 1216 1428 1259 de
1461 1216 1569 1258 Luco
1591 1225 1624 1258 et

137 1288 324 1332 Iacobum
350 1290 469 1331 civem
502 1288 547 1330 de
572 1287 764 1330 Cracovia
796 1287 897 1329 alias
927 1287 970 1329 cle
1004 1287 1248 1339 Mediolano,
1274 1289 1314 1329 in
1348 1287 1468 1344 officio
1500 1288 1625 1330 consi-

135 1359 288 1402 storiali
322 1359 572 1402 cracoviensi
611 1366 774 1409 vertens,
806 1359 848 1400 in
881 1373 958 1416 qna
989 1358 1210 1401 Monaldus
1241 1357 1437 1401 dominos
1476 1358 1624 1400 Iohan-

137 1445 233 1473 nem
267 1430 399 1472 Marci
433 1429 639 1472 Morisoni
673 1428 723 1471 de
756 1429 982 1481 Weneciis,
1024 1429 1153 1471 Nerio
1185 1429 1236 1472 de
1269 1428 1623 1485 Thornaquincis,

137 1502 367 1545 Iohannem
396 1500 578 1544 Kambio
610 1499 659 1543 de
694 1500 905 1543 Florencia
939 1512 978 1542 et
1009 1499 1159 1542 Iacobo
1193 1501 1416 1552 Meterom,
1449 1500 1498 1543 de
1522 1500 1624 1543 Cra-

137 1574 258 1617 covia
291 1574 402 1616 cives
427 1599 485 1603 -—
516 1573 558 1614 in
592 1573 677 1614 vim
712 1571 914 1614 cautionis
947 1570 1203 1613 fideiussorie
1220 1573 1346 1628 ponit,
1367 1571 1530 1613 Iacobus
1551 1585 1624 1612 cm-

137 1652 210 1687 tem
233 1644 340 1696 dicit,
362 1659 405 1686 se
427 1658 516 1686 esse
537 1655 576 1685 et
600 1642 687 1685 fore
710 1643 845 1685 civem
870 1642 1212 1693 Cracoviensem‚
1226 1641 1472 1698 fideiussores
1496 1650 1623 1684 tamen

136 1730 289 1773 ponere
321 1729 394 1757 nec
429 1713 577 1757 habere
602 1725 735 1770 potest
757 1724 970 1770 tamquam
995 1713 1124 1755 homo
1147 1712 1211 1755 hic
1235 1713 1389 1755 advena
1413 1725 1452 1756 et
1474 1729 1622 1765 novus,

137 1787 306 1842 ignotus
338 1783 578 1828 hominibus
612 1784 732 1826 huius
766 1785 904 1840 patrie.
928 1792 942 1809 ²

849 1879 1074 1932 cracoviae,
1106 1882 1244 1922 12-28
1279 1879 1378 1922 Iulii
1407 1894 1532 1936 1410.

228 1974 445 2015 Ulanowski,
472 1973 718 2018 Inscriptiones
743 1973 974 2014 Clenodiales,
1001 1985 1032 2019 p.
1060 1974 1235 2016 484-485‚
1262 1987 1312 2008 nr.
1348 1986 1562 2021 1390—1395.

226 2096 294 2136 21.
330 2093 467 2136 Pelrns
502 2092 750 2135 Biclmranns
777 2092 1070 2150 plenipotenlem
1105 2094 1315 2136 constituit.

844 2187 1068 2239 cracoviae,
1107 2191 1160 2231 28
1195 2189 1370 2245 Augusti
1407 2203 1530 2244 1411.

225 2270 435 2312 Dominus
469 2270 613 2311 Petrus
648 2270 882 2322 Picumnus,
910 2270 1003 2312 salis
1031 2271 1243 2328 utriusque
1269 2273 1496 2328 suppositis,
1523 2288 1622 2315 con-

134 2339 267 2394 stituit
295 2331 618 2396 plenipotentem
649 2340 977 2395 procuratorium
1006 2339 1054 2382 ad
1083 2339 1362 2397 recipiendum
1391 2353 1430 2383 et
1456 2343 1622 2399 exigen-

134 2408 234 2453 dum
261 2421 337 2453 etc.
372 2424 420 2452 Io
449 2425 575 2452 marc.
604 2411 842 2452 communis
874 2422 1039 2453 monete
1066 2412 1172 2468 apud
1198 2413 1422 2455 Nicolaum
1451 2413 1621 2456 Schraw

135 2481 352 2524 concivem
385 2480 435 2524 de
470 2481 722 2524 Frawenstat
755 2492 794 2523 et
827 2480 1053 2524 Iohannem
1088 2482 1298 2525 Schirmer
1331 2484 1453 2525 etiam
1482 2485 1621 2526 conci-

135 2567 231 2594 vem
264 2563 340 2594 etc.

228 2646 334 2680 Arch.
361 2645 454 2679 civit.
482 2645 580 2680 Crac.
608 2647 695 2680 Acta
730 2647 924 2680 Scabinalia
957 2647 1173 2690 1408—1416,
1198 2648 1235 2680 de
1262 2653 1413 2694 separatu
1441 2649 1555 2682 scheda
1586 2651 1619 2682 1'11

124 2703 196 2749 fine
222 2705 440 2750 manuscripti
464 2705 684 2750 agglutinata.

228 2816 237 2834 1
265 2808 420 2844 Gallicus
441 2816 501 2856 per
526 2821 672 2844 errorem
694 2817 758 2858 pro
784 2811 905 2846 Petrus
932 2812 1070 2846 Italicus
1097 2812 1309 2846 Bicharanus
1335 2814 1376 2847 de
1402 2813 1570 2848 venetiis.

228 2875 241 2893 ²
269 2867 380 2903 Causa
408 2875 579 2915 processus
612 2873 658 2903 est
683 2872 806 2916 ignota,
824 2870 908 2914 finis
933 2873 1030 2904 etiam
1058 2873 1160 2917 ipsius
1185 2872 1280 2913 deest,
1307 2874 1384 2918 quia
1413 2872 1550 2906 Iacobus
1577 2874 1620 2906 ‹nl

133 2928 262 2961 curiam
290 2927 472 2962 Romanam
499 2928 685 2975 appellavit.
