2201 3554
1126 304 1356 346 ..82-

498 423 662 465 caritate
704 419 835 462 fienda
875 415 1120 475 pauperibus
1153 416 1279 457 sancti
1315 414 1456 456 Lazari
1489 412 1660 455 ducatos
1703 426 1730 466 4
1777 411 1862 452 auri
1883 394 1889 404 ¹
1912 424 1986 466 pro

498 494 634 536 anima
657 506 762 533 mea.
787 490 891 532 Item
914 487 1080 530 dimitto
1106 501 1181 543 pro
1205 486 1344 527 missis
1366 484 1494 526 sancti
1519 482 1713 539 Gregorii
1739 481 1910 524 ducatos
1937 494 1982 522 11

497 565 583 606 auri
603 578 676 619 pro
694 562 830 603 anima
852 574 943 601 mea
964 556 1234 600 celebrandis.
1259 556 1364 598 Item
1385 555 1553 597 dimitto
1571 553 1665 595 loco
1688 553 1834 596 Sancte
1857 551 1990 594 Marie

497 634 547 676 de
592 631 794 676 Nazareth
839 630 1035 673 ducatum
1077 642 1089 669 t
1145 627 1231 669 auri
1259 640 1334 683 pro
1369 626 1506 668 anima
1540 640 1644 666 mea.
1679 624 1784 666 Item
1826 622 1992 666 dimitto

499 704 631 747 sorori
668 702 845 745 Blanclie
871 700 921 743 de
943 699 1034 743 Cha
1064 697 1210 749 Dolce‚
1234 698 1274 740 in
1306 697 1559 739 monasterio
1586 696 1733 738 Sancte
1768 693 1991 738 Catherine

497 776 546 818 de
575 775 726 822 Saccis‚
759 772 931 815 ducatos
971 783 1020 812 10
1053 770 1155 819 auri,
1190 779 1232 810 ut
1266 778 1383 824 roget
1416 768 1554 809 Deum
1589 780 1663 822 pro
1702 766 1839 807 anima
1881 779 1987 807 mea.

499 847 601 889 Item
637 845 802 887 dimitto
834 842 1005 885 domine
1039 840 1178 883 Blaxie
1209 839 1380 882 ducatos
1410 852 1428 893 3
1465 838 1566 889 auri,
1606 848 1650 878 ut
1692 846 1811 893 roget
1847 835 1987 878 Deum

500 932 574 974 pro
606 916 741 958 anima
777 928 883 965 mea,
907 923 945 954 et
979 912 1011 953 si
1045 921 1154 953 esset
1180 920 1345 952 mortua
1377 919 1566 965 tempore
1599 907 1747 949 mortis
1780 920 1885 957 mee,
1917 920 1990 948 ve-

499 988 612 1029 niant
644 987 685 1027 in
718 984 934 1027 dominam
977 980 1235 1023 Anthoniam
1281 990 1459 1021 matrem
1499 977 1641 1020 Zanini
1687 977 1849 1018 Misete.
1883 975 1986 1018 Item

499 1057 665 1100 dimitto
697 1055 867 1098 domine
901 1054 1010 1095 Urse
1043 1062 1181 1094 sancte
1218 1050 1437 1092 Trinitatis
1477 1049 1598 1090 matri
1632 1047 1792 1090 Paulini
1823 1048 1866 1089 in
1885 1080 1893 1088 .
1915 1081 1923 1089 .
1944 1081 1953 1089 .
1974 1054 1986 1072 ¹

500 1139 638 1170 sancte
682 1125 902 1168 Trinitatis
946 1123 1119 1165 ducatos
1166 1136 1182 1178 5
1224 1121 1309 1163 auri
1343 1135 1417 1177 pro
1454 1120 1591 1162 anima
1624 1134 1730 1171 mea,
1768 1128 1807 1160 et
1845 1116 1990 1160 habeat

501 1214 624 1241 unam
659 1212 801 1254 capam
846 1206 884 1237 et
917 1210 1043 1236 unam
1081 1193 1253 1235 socham
1286 1208 1334 1234 ex
1377 1189 1633 1243 melioribus,
1670 1205 1770 1247 quas
1803 1188 1990 1242 habeam,

501 1284 574 1326 pro
607 1269 743 1310 anima
772 1281 862 1308 mea
885 1276 924 1307 et
958 1279 1082 1306 unam
1109 1263 1299 1320 peliciam
1328 1261 1563 1313 meliorem,
1585 1276 1711 1317 quam
1738 1259 1898 1302 habebo
1920 1259 1993 1302 illo

500 1352 610 1382 tunc.
630 1339 735 1381 Item
768 1336 934 1379 dimitto
958 1336 1237 1393 suprascripto
1265 1345 1304 1376 et
1326 1333 1431 1376 infra
1454 1332 1672 1375 Frederico
1704 1329 1894 1388 plebano,
1916 1346 1993 1374 no-

502 1411 603 1454 tario
640 1422 680 1452 et
717 1407 962 1451 cancellario
996 1406 1118 1447 huius
1151 1406 1233 1448 mei
1266 1405 1515 1456 testamenti,
1548 1402 1721 1446 ducatos
1745 1415 1794 1444 10
1827 1403 1915 1445 auri
1950 1403 1993 1445 in

503 1481 704 1539 presentia
747 1479 914 1522 testium
948 1477 1322 1534 infrascriptorum.
1364 1476 1466 1518 Item
1510 1474 1676 1518 dimitto
1719 1474 1993 1531 suprascripte

503 1553 667 1594 Donate
700 1548 849 1601 Diedo,
882 1547 1171 1590 commissarie
1199 1561 1305 1597 mee,
1328 1545 1499 1588 ducatos
1540 1558 1589 1600 25
1626 1545 1715 1586 auri
1747 1558 1822 1600 pro
1853 1543 1992 1586 anima

503 1638 608 1664 mea.
641 1623 745 1663 Item
787 1620 953 1663 dimitto
986 1618 1264 1675 suprascripto
1291 1617 1468 1660 Nicolao
1510 1615 1656 1668 Dolce‚
1700 1615 1992 1658 commissario

504 1709 613 1745 meo,
655 1692 826 1735 ducatos
872 1703 923 1746 50
955 1690 1043 1732 auri
1087 1704 1162 1746 pro
1205 1689 1343 1730 anima
1379 1703 1484 1730 mea.
1516 1687 1622 1729 Item
1659 1685 1826 1729 dimitto
1858 1685 1994 1728 sorori

505 1765 625 1807 Clare
658 1763 805 1814 Dolce,
840 1761 1015 1814 moniali⁴
1038 1761 1080 1802 in
1114 1759 1368 1802 monasterio
1403 1758 1539 1802 Sancti
1566 1757 1732 1800 Andree
1762 1756 1813 1799 de
1845 1757 1992 1809 Zirata,

504 1834 585 1877 filie
619 1849 725 1886 mee,
757 1832 930 1875 ducatos
965 1844 1018 1873 20
1055 1832 1143 1873 auri
1179 1831 1221 1872 in
1255 1831 1421 1887 signum
1459 1829 1650 1872 caritatis.
1684 1828 1862 1879 Verum,
1899 1827 1994 1885 quia

506 1906 668 1948 Tomas
703 1903 843 1955 Serial,
878 1918 1006 1960 nepos
1040 1918 1172 1955 meUS,
1206 1901 1254 1944 ad
1288 1912 1470 1944 mortem
1515 1915 1634 1942 suam
1673 1899 1801 1942 michi
1843 1898 1996 1956 legavit

506 1992 630 2019 unam
665 1986 823 2032 partem
864 1975 1035 2016 terciam
1070 1972 1221 2016 residui
1256 1973 1333 2025 sui,
1367 1972 1480 2023 volo,
1521 1969 1632 2028 quod
1665 1971 1699 2013 si
1731 1970 1882 2028 aliquid
1920 1985 1997 2012 un-

504 2063 629 2104 quam
663 2046 791 2088 michi
824 2045 887 2087 vel
921 2044 1212 2087 commissarie
1245 2058 1337 2085 mee
1370 2053 1509 2100 posset
1542 2053 1756 2098 expectare
1789 2056 1864 2098 pro
1888 2039 1995 2083 dicta

505 2119 628 2161 tercia
654 2128 780 2175 parte,
813 2116 923 2174 quod
956 2127 1091 2158 totum
1126 2114 1225 2157 illud
1253 2114 1443 2157 deveniat
1475 2114 1516 2155 in
1542 2113 1766 2156 Nicolaum
1788 2111 1922 2155 Dolce
1947 2111 1998 2154 li-

507 2190 601 2232 bere
635 2189 974 2245 suprascriptum.
1002 2187 1107 2229 Item
1133 2186 1300 2229 dimitto
1322 2196 1362 2228 et
1383 2184 1468 2228 dari
1492 2185 1590 2227 volo
1615 2185 1684 2226 uni
1705 2198 1894 2241 persone,
1915 2198 1995 2240 que

507 2261 627 2304 vadat
658 2261 866 2302 Assisium
891 2274 966 2316 pro
989 2259 1125 2301 anima
1154 2273 1246 2300 mea
1271 2257 1443 2300 ducatos
1470 2270 1487 2312 5
1516 2257 1602 2298 auri
1629 2255 1678 2298 ad
1711 2253 1995 2313 accipiendam

507 2331 806 2388 indulgentiam
827 2345 902 2387 pro
925 2331 1063 2372 anima
1082 2344 1187 2372 mea.
1209 2329 1329 2382 Item,
1353 2343 1449 2370 cuin
1478 2327 1608 2369 Maria
1643 2327 1860 2380 Bicharan‚
1892 2326 1995 2369 olim

507 2417 636 2445 nurus
669 2417 775 2454 mea,
810 2401 936 2443 michi
959 2402 1156 2458 legaverit
1179 2415 1249 2457 per
1273 2415 1395 2442 suum
1417 2410 1713 2441 testamentum
1745 2397 1917 2440 ducatos
1946 2409 1994 2440 10

507 2475 609 2526 auri,
636 2473 749 2526 volo,
782 2472 892 2530 quod
925 2473 1155 2528 exigantur,
1189 2482 1227 2514 et
1260 2486 1309 2513 ex
1342 2471 1400 2512 eis
1433 2469 1599 2512 dimitto
1630 2468 1802 2511 ducatos
1849 2483 1867 2524 5
1909 2469 1997 2510 auri

510 2544 700 2587 fratribus
734 2545 977 2587 monasterii
1023 2544 1162 2587 Sancti
1197 2542 1404 2585 Francisci
1438 2556 1459 2583 a
1497 2541 1630 2582 Vinea
1657 2540 1708 2582 de
1733 2540 1920 2582 Venetiis
1957 2549 1997 2582 et

508 2616 611 2658 alios
640 2630 655 2671 5
680 2615 852 2658 ducatos
873 2630 921 2657 ex
949 2615 1047 2671 ipsis
1070 2613 1237 2657 dimitto
1257 2611 1449 2656 fratribus
1474 2612 1714 2654 monasterii
1739 2611 1887 2654 Sancte
1909 2611 2000 2653 Bri-

508 2686 615 2744 gide,
650 2698 692 2729 ut
726 2686 869 2729 fratres
903 2684 1000 2728 dicti
1036 2685 1278 2728 monasterii
1304 2694 1423 2726 orent
1451 2683 1591 2725 Deum
1618 2697 1693 2739 pro
1720 2683 1859 2724 anima
1892 2696 1997 2724 mea.

508 2759 613 2801 Item
653 2757 819 2800 dimitto
853 2757 1027 2808 Marine,
1062 2757 1181 2798 uxori
1215 2770 1280 2798 ser
1307 2754 1484 2810 Nicolay
1518 2752 1702 2806 Abuoto,
1737 2753 1909 2796 ducatos
1943 2765 1993 2808 25

608 2918 615 2935 ¹
646 2911 751 2945 Locus
779 2911 956 2957 illegibilis.
