2201 3554
924 337 948 346 ,-

835 351 890 355 ἡ
930 352 942 379 l

192 437 365 481 Polonie
396 448 435 480 et
467 437 651 493 Ungarie
683 448 722 478 et
755 436 859 493 apud
893 436 1062 479 eosdem
1099 435 1272 479 fideliter
1303 436 1521 488 deservite,
1554 451 1677 492 quam

190 508 456 551 serenissimo
493 508 666 564 principi
703 506 877 550 domino
917 507 1149 550 wladislao
1186 507 1272 563 regi
1313 507 1486 549 Polonie
1522 507 1678 563 inclyto

188 578 362 622 domino
395 589 538 621 nostro
569 578 755 634 gratioso
788 593 861 634 pro
895 579 1015 620 certis
1048 578 1176 634 ipsius
1202 577 1361 620 domini
1395 578 1504 634 regis
1537 593 1678 620 neces-

189 647 374 691 sitatibus
406 660 444 691 et
477 647 741 705 indulgentiis
775 659 922 690 mutuo
954 661 992 690 et
1035 648 1110 691 sub
1146 660 1254 691 certa
1298 647 1564 690 rehabitionis
1606 664 1676 705 spe

189 718 299 762 dedit
330 731 369 762 et
400 717 449 762 ad
482 718 724 761 mandatum
759 734 881 761 suum
915 720 1075 775 regium
1110 720 1314 776 exposuit,
1347 718 1523 761 eundem
1568 734 1677 761 sere-

188 791 411 832 nissimum
444 790 671 847 principem
706 790 746 831 in
786 802 890 845 1705
934 791 1082 832 marcis
1117 805 1362 847 grossorum
1401 791 1673 847 pragensium

164 860 264 915 ,sibi
307 860 433 903 fuisse
478 860 724 913 debitorem,
765 860 815 903 de
847 859 996 917 quibus
1038 876 1086 903 ex
1130 860 1324 903 mandato
1366 876 1441 903 suo
1488 862 1601 917 regio
1634 862 1674 903 in

187 933 328 988 zuppis
370 932 465 974 salis
505 931 552 974 ad
591 931 813 974 earundem
855 933 1120 988 pecuniarum
1161 933 1362 974 rationem
1404 945 1487 987 400
1522 931 1674 974 bancos

186 1003 547 1055 salissustulisset,
573 1018 678 1060 quos
711 1002 968 1045 Thomassio
992 1002 1078 1045 filio
1100 1002 1250 1055 Nethe‚
1277 1004 1379 1045 civis
1404 1003 1673 1054 Bochnensis‚

184 1088 259 1130 pro
291 1086 370 1129 500
403 1074 553 1116 marcis
582 1072 830 1116 vendidisset
863 1101 919 1104 -—
951 1084 1104 1115 restant
1131 1074 1255 1130 igitur
1283 1073 1387 1130 apud
1422 1072 1674 1130 magnitudi-

181 1159 276 1187 nem
301 1145 457 1201 regiam
483 1144 669 1187 eiusdem
701 1143 826 1187 debiti
851 1157 954 1199 1205
984 1158 1110 1186 marc.
1133 1159 1283 1200 gross„
1311 1159 1412 1201 quas
1435 1143 1483 1187 ad
1508 1143 1670 1187 laudem

180 1226 220 1258 et
250 1215 427 1273 gloriam
455 1215 773 1272 Omnipotentis
807 1216 886 1258 Dei
913 1227 952 1258 et
984 1216 1128 1258 matris
1155 1215 1340 1258 eiusdem
1370 1216 1556 1271 Virginis
1582 1216 1674 1271 glo—

182 1287 290 1329 riose
321 1302 367 1329 ac
400 1288 526 1330 totius
559 1288 670 1329 curie
703 1287 878 1339 celestis,
912 1298 954 1328 ut
995 1287 1158 1329 novella
1202 1301 1247 1328 ac
1281 1287 1444 1329 noviter
1478 1286 1669 1329 inchoata

181 1357 382 1401 divinitus
426 1358 852 1400 Premisliensis
895 1356 1138 1400 cathedralis
1175 1357 1346 1400 ecclesia
1379 1369 1521 1400 contra
1565 1358 1672 1400 schi-

183 1429 380 1471 smaticos
413 1429 454 1471 in
485 1428 565 1471 illis
597 1427 778 1485 partibus
804 1427 998 1485 degentes
1031 1429 1163 1471 valeat
1197 1429 1412 1470 instaurari
1445 1444 1491 1471 ac
1518 1429 1559 1470 in
1587 1430 1672 1471 suis

182 1500 569 1557 augmentationum
602 1511 641 1542 et
677 1511 957 1556 proventuum
990 1498 1297 1542 conditionibus
1342 1498 1513 1541 feliciter
1544 1499 1672 1542 abun-

181 1569 292 1622 dare,
319 1571 393 1627 ipsi
429 1571 710 1613 Premisliensi
737 1571 923 1622 ecclesie,
950 1582 993 1612 ut
1020 1582 1213 1627 perpetua
1237 1569 1428 1613 widelicet
1456 1570 1670 1624 Kazimiri,

182 1639 383 1684 Ludovici
421 1652 540 1699 atque
573 1640 810 1684 Helizabeth
853 1642 1064 1699 genitricis
1097 1643 1199 1693 eius,
1233 1656 1379 1697 regum
1423 1641 1597 1683 Polonie
1630 1653 1670 1684 et

180 1713 392 1770 Hungarie
425 1712 705 1769 predictorum
739 1723 859 1769 atque
891 1713 951 1755 sui
986 1713 1027 1754 in
1060 1711 1204 1755 eadem
1238 1712 1408 1754 ecclesia
1442 1713 1483 1753 in
1516 1713 1670 1754 oratio-

179 1782 300 1826 nibus
331 1794 371 1826 et
404 1784 542 1825 missis
573 1784 709 1840 vigeat
747 1785 966 1836 memoria,
1000 1783 1164 1840 legavit,
1196 1782 1307 1826 dedit
1342 1794 1462 1840 atque
1494 1784 1669 1826 contulit

178 1865 218 1896 et
249 1853 431 1896 donavit.

266 1925 438 1982 Insuper
468 1925 519 1968 de
550 1938 635 1981 400
669 1924 822 1978 bancis,
854 1925 904 1968 de
936 1925 1099 1983 quibus,
1132 1926 1212 1984 [ut]
1246 1941 1380 1983 supra,
1413 1925 1498 1968 filio
1530 1926 1668 1969 Nethe

178 2010 253 2052 pro
296 2008 376 2051 500
410 2010 536 2038 marc.
574 1995 770 2049 vendidit,
808 1998 1054 2054 recognovit
1092 1998 1392 2054 suprascriptus
1431 1996 1666 2040 Gottfridus

178 2065 254 2109 sibi
286 2065 375 2110 fore
406 2082 476 2124 per
508 2067 684 2110 eundem
724 2067 940 2110 Thomam
973 2080 1041 2110 aut
1075 2069 1247 2125 quosvis
1283 2069 1384 2110 alios
1424 2081 1502 2111 100
1537 2084 1664 2111 marc.

177 2137 448 2180 solummodo
469 2138 712 2195 persolutas,
732 2154 858 2196 quare
885 2138 1081 2191 residuas,
1103 2138 1294 2182 videlicet
1316 2152 1400 2195 400
1426 2155 1552 2182 marc.
1578 2155 1665 2182 me-

175 2206 384 2261 dietatem,
417 2208 455 2251 id
489 2220 549 2251 est
584 2222 666 2251 200
694 2224 820 2252 marc.
849 2210 1127 2266 suprascripto
1159 2210 1389 2253 Erasmo
1423 2225 1498 2252 suo
1525 2211 1663 2267 nepoti

176 2290 216 2321 et
231 2279 407 2322 tercium
432 2292 510 2322 100
530 2294 656 2322 marc.
674 2279 858 2336 providis
879 2279 1088 2337 Rudgloni
1108 2281 1241 2338 Reger
1259 2291 1298 2323 et
1315 2281 1492 2323 Nicolao
1513 2280 1664 2333 Rothe,

175 2350 333 2393 lumine
364 2351 582 2393 oculorum
616 2353 657 2393 in
700 2366 776 2393 suo
809 2352 978 2394 servitio
1010 2351 1261 2408 prochdolor
1293 2350 1453 2404 orbato,
1488 2350 1665 2393 familia-

175 2420 286 2464 ribus
318 2422 402 2464 suis
433 2421 651 2475 diuturnis,
683 2433 875 2479 quartum
916 2436 994 2465 100
1030 2437 1157 2465 marc.
1191 2423 1296 2465 inter
1329 2433 1509 2465 ceteram
1544 2437 1662 2464 suam

171 2492 323 2535 domus
355 2508 427 2535 sue
454 2491 653 2535 familiam
681 2493 908 2536 secundum
937 2494 1070 2536 maius
1097 2504 1136 2536 et
1163 2494 1301 2536 minus
1327 2491 1660 2535 distribuendum

172 2562 346 2605 contulit
377 2574 498 2620 atque
529 2562 653 2606 dedit.

261 2633 488 2677 Constituit
526 2635 690 2691 insuper
723 2635 951 2691 sepedictus
983 2635 1180 2678 dominus
1215 2634 1448 2678 Gottfridus
1490 2650 1535 2677 ac
1570 2648 1661 2691 pre-

173 2702 267 2746 fecit
288 2731 346 2735 —
368 2704 537 2747 Petrum
559 2705 610 2748 de
632 2705 833 2749 Radolina
855 2707 994 2748 virum
1017 2707 1156 2762 utique
1178 2706 1533 2762 elegantissimum
1558 2705 1661 2747 iuris

172 2774 383 2832 utriusque
413 2774 627 2818 doctorem
662 2791 707 2818 ac
740 2775 789 2819 ad
824 2777 1148 2820 Cracoviensem
1182 2777 1397 2819 ecclesiam
1432 2775 1657 2832 predictam

171 2844 423 2902 postulatum
450 2861 496 2889 ac
519 2847 787 2904 magnificum
811 2848 1067 2905 Spstconem,
1089 2848 1314 2905 palatinum
1337 2858 1376 2890 et
1399 2848 1656 2904 capitaneum

172 2929 333 2958 necnon
366 2917 558 2959 consules
590 2919 767 2961 civitatis
800 2918 1092 2962 Crat-oviensis
1125 2946 1181 2950 —
1214 2934 1286 2961 sue
1319 2919 1463 2960 ultime
1509 2917 1660 2960 volun-
