2201 3554
126 442 239 489 parte
269 447 341 474 sua
369 431 562 475 Venetias
588 431 637 475 ad
664 431 928 485 Michaelem,
961 432 1071 490 quod
1103 433 1260 477 dictum
1294 436 1468 478 cremesi
1494 433 1617 478 debe-

126 514 186 547 ret
217 501 398 546 baratare
446 517 520 559 pro
553 517 688 559 panno
736 501 786 545 de
818 513 902 544 seta
944 514 982 545 ct
1015 514 1114 546 setta
1164 516 1201 547 et
1234 504 1385 557 taffata‚
1425 516 1463 547 et
1504 504 1615 562 quod

125 584 262 617 totum
294 571 459 616 deberet
499 572 742 626 distribuere
775 573 816 615 in
849 571 1059 630 drapparia
1092 575 1142 617 de
1175 586 1275 617 setta
1308 587 1348 618 et
1381 576 1437 618 sic
1472 576 1613 632 scripsi

125 660 203 702 ego
229 644 278 688 ad
311 644 506 687 Venetias
538 643 587 686 ad
621 643 870 686 Michaelem
903 659 978 701 pro
1011 657 1122 702 parte
1154 645 1203 689 de
1237 646 1419 689 Iohanne
1456 647 1613 703 Banky.

220 733 325 767 Arch.
344 732 438 766 civit.
456 732 658 774 Cracoviae‚
679 733 767 766 Acta
786 744 882 767 cons.
910 744 1125 778 1412-1450,
1144 746 1175 780 p.
1197 744 1273 777 254.
1295 734 1374 769 Vide
1393 748 1443 770 nr.
1468 746 1518 781 53.

213 830 282 872 51.
316 827 497 870 Albicius
541 827 586 869 de
629 827 797 869 Medicis
842 829 1048 885 supparins
1092 828 1244 884 plumbi
1283 828 1521 885 fodinarum
1570 831 1612 872 in

61 948 64 950 v
123 899 235 943 Ilkus
265 907 400 943 contra
431 900 551 942 civem
583 899 627 941 de
658 899 810 941 ibidem.

835 987 1059 1039 cracoviae,
1098 1002 1151 1031 20
1187 990 1363 1046 Augusti
1396 992 1522 1045 1428.

210 1076 364 1121 Iurabit
389 1076 568 1119 Mathias
608 1076 772 1133 Dlugos
809 1075 860 1119 de
891 1076 1003 1118 Ilkus
1031 1088 1173 1120 contra
1206 1075 1430 1129 Albicium,
1463 1093 1615 1134 zuppa-

123 1150 233 1192 rium
273 1147 323 1191 de
356 1147 525 1201 ibidem,
558 1148 664 1190 sicut
706 1147 870 1204 signum
905 1147 1032 1204 ipsius
1065 1146 1114 1190 de
1141 1146 1312 1204 plumbo
1354 1163 1439 1190 non
1470 1148 1615 1205 deper-

122 1220 250 1263 cussit
270 1218 438 1262 ibidem.
464 1218 694 1261 Terminus
712 1217 760 1260 ad
778 1217 879 1260 duas
899 1218 1160 1275 septimanas.
1185 1219 1318 1260 Datur
1339 1219 1542 1262 terminus
1566 1218 1614 1262 ad

121 1289 461 1347 interrogandum
494 1290 611 1332 tertia
642 1288 707 1331 die
731 1289 922 1345 proxima
944 1300 1037 1345 post
1065 1287 1215 1331 festum
1241 1290 1370 1331 sancti
1398 1288 1615 1331 Michaelis

121 1360 375 1418 proximum,
398 1360 431 1402 si
459 1357 608 1402 habent
635 1359 746 1401 cives
778 1357 1091 1401 diuturnitatem
1124 1373 1199 1416 pro
1226 1358 1397 1416 plumbo
1420 1370 1488 1402 aut
1515 1374 1613 1402 non.

218 1448 335 1482 Helzel
362 1447 405 1489 ΙΙ,
430 1459 482 1482 nr.
511 1456 612 1491 2232.
640 1467 685 1471 —
711 1446 762 1480 Cf.
790 1449 887 1481 etiam
920 1447 987 1480 alia
1014 1447 1148 1480 eundem
1177 1447 1343 1481 Albicium
1370 1447 1407 1481 de
1444 1447 1613 1482 Florentia

121 1508 312 1554 spectantia,
339 1507 480 1549 ibidem,
510 1518 560 1540 nr.
591 1516 692 1552 2039,
721 1505 823 1547 2612,
852 1505 952 1549 2614.

211 1604 280 1646 52.
313 1599 586 1658 Promulgatio
617 1601 828 1643 sententiae
860 1600 1090 1657 diffiniti-vae
1123 1601 1164 1642 in
1191 1615 1308 1643 causa
1346 1602 1446 1643 inter
1481 1601 1611 1644 Anto-

121 1672 247 1724 nium,
281 1672 512 1730 supparium
547 1670 840 1715 Cracoviensem
877 1678 911 1712 et
941 1670 1159 1713 Iohannem
1200 1670 1329 1724 Bank,
1362 1679 1610 1714 mercatorem

127 1742 184 1784 W
181 1741 500 1794 ratislaviensem,
532 1750 602 1799 per
633 1740 856 1783 amicabiles
887 1742 1150 1798 compositores
1181 1741 1294 1784 latae.

859 1830 1085 1883 cracoviae,
1120 1844 1169 1886 13
1206 1831 1363 1889 Aprilis
1396 1845 1522 1887 1429.

209 1919 301 1963 Nos
323 1919 515 1962 consules
547 1920 723 1962 civitatis
751 1919 955 1963 Cracovie
987 1921 1330 1977 recognoscimus
1361 1920 1522 1978 publice
1543 1935 1614 1978 per

121 1990 196 2034 hec
229 1991 393 2048 scripta,
425 1990 535 2048 quod
563 1991 669 2033 inter
691 1989 911 2033 dominum
939 1990 1202 2034 Anthonium
1229 1991 1425 2034 Iohannis
1445 1990 1495 2034 de
1519 1992 1614 2034 Flo-

122 2061 265 2115 rentia,
288 2062 499 2119 utriusque
531 2061 626 2103 salis
664 2072 770 2103 terre
803 2061 1094 2105 cracoviensis
1123 2063 1375 2120 supparium,
1398 2073 1437 2105 et
1463 2078 1512 2105 ex
1545 2062 1614 2106 ad-

120 2148 243 2176 verso
264 2132 491 2176 Iohannem
517 2132 644 2186 Bank‚
668 2133 804 2175 civem
832 2133 1234 2186 Wratislaviensem‚
1258 2133 1361 2176 facta
1383 2144 1444 2176 est
1471 2149 1610 2176 coram

121 2202 242 2248 nobis
267 2205 548 2261 pronuntiatio
582 2203 792 2246 arbitraria
824 2215 863 2246 ct
890 2203 1083 2247 diffinitio
1116 2204 1203 2247 sive
1237 2204 1405 2248 laudum
1439 2220 1510 2262 per
1543 2220 1613 2247 sex

121 2274 296 2318 arbitros
340 2291 411 2318 seu
454 2274 690 2318 amicabiles
724 2276 1028 2333 compositores
1070 2275 1353 2333 infrascriptos
1396 2286 1435 2318 et
1467 2275 1611 2319 eadem

120 2346 400 2403 pronuntiatio
426 2357 487 2388 est
509 2347 716 2404 utrimque
739 2345 788 2388 ab
811 2345 959 2389 eodem
982 2346 1198 2389 Anthonio
1225 2358 1263 2389 et
1291 2346 1473 2389 Iohanne
1497 2346 1610 2389 Bank

119 2417 298 2460 totaliter
331 2428 540 2474 assumpta
573 2428 614 2458 et
640 2415 850 2459 observari
873 2417 1079 2473 promissa
1112 2416 1187 2459 sub
1213 2433 1316 2474 pena
1349 2416 1519 2460 inferius
1542 2417 1612 2460 dc-

119 2489 280 2546 scripta‚
313 2489 428 2531 cuius
462 2488 808 2545 pronuntiationis
841 2498 960 2530 tenor
986 2487 1119 2545 quoad
1144 2503 1313 2530 sensum
1348 2500 1386 2530 et
1418 2489 1612 2531 intentio-

119 2575 216 2603 nem
249 2560 523 2602 summariam
557 2559 741 2616 sequitur
774 2570 813 2602 et
844 2570 904 2602 est
937 2560 1040 2601 iste:

207 2630 298 2674 Nos
330 2629 508 2673 Michael
543 2629 592 2673 de
638 2630 773 2673 Czirla
815 2630 912 2672 alias
956 2630 1096 2687 Lange
1129 2629 1300 2682 Michel,
1345 2629 1610 2674 Theodricus

122 2701 367 2758 Weynrich,
386 2701 706 2744 Bartholomeus
723 2700 773 2744 de
792 2701 948 2753 Gorka,
971 2713 1079 2743 terre
1103 2701 1396 2744 Cracoviensis
1423 2703 1608 2744 notarius

118 2771 335 2830 generalis,
367 2771 572 2815 Iohannes
605 2771 911 2828 Sweydniczer,
944 2773 1180 2814 Hcrmanus
1214 2772 1356 2814 Wolff
1382 2783 1420 2814 ct
1445 2772 1609 2816 Tilma-

119 2860 196 2887 nus
227 2843 278 2887 de
311 2844 460 2894 Bruch,
487 2844 626 2887 arbitri
658 2860 729 2887 seu
763 2844 1025 2887 arbitratorcs
1058 2855 1095 2886 et
1129 2843 1364 2886 amicabiles
1397 2846 1608 2901 composi-

117 2926 228 2958 tores
260 2916 364 2958 inter
396 2915 655 2958 Anthonium
686 2916 924 2973 supparium
959 2931 1007 2957 ex
1040 2930 1119 2957 una
1151 2926 1190 2957 et
1228 2914 1456 2958 Iohannem
1490 2914 1603 2958 Bank
