2201 3554
125 424 375 482 reliquisset3
407 425 510 468 hanc
537 426 591 467 ita
622 425 864 468 diffiniendo
895 425 1124 468 decidimus
1156 442 1203 468 ex
1231 425 1435 468 alterutris
1461 440 1612 481 propo-

125 494 342 538 sitionibus
364 507 402 538 et
426 497 648 553 responsis,
674 495 785 554 quod
807 496 1011 539 Iohannes
1035 497 1149 539 Bank
1172 496 1290 539 debet
1312 496 1488 538 domum
1514 496 1611 538 dicti

123 566 298 608 Antonii
324 567 516 624 supparii‚
539 567 662 610 sitam
691 567 955 609 wratislavie
989 568 1029 609 in
1055 567 1186 624 platea
1219 567 1355 609 Sancti
1387 565 1612 617 Adalberti,

123 636 166 678 in
187 651 266 693 qua
293 637 380 694 ipse
402 637 607 680 Iohannes
630 637 743 680 Bank
772 649 924 689 manet,
949 639 1162 680 restituere
1184 649 1224 681 et
1245 638 1454 693 resignare
1476 635 1609 679 eidem

123 708 310 750 Antonio
342 719 410 750 aut
436 709 523 750 eius
557 709 813 765 procuratori
846 709 928 751 iam
962 710 1100 751 statim
1134 709 1198 751 hic
1233 709 1437 752 Cracovie
1470 723 1611 750 coram

123 777 363 821 consulibus
404 790 444 822 et
474 778 620 822 deinde
654 779 918 822 XVratislavie
963 780 1152 822 similiter
1195 795 1337 822 coram
1373 779 1612 822 consulibus

125 864 238 901 mox,
260 864 357 892 cum
379 849 490 893 idem
513 849 718 892 Iohannes
746 849 861 892 Bank
883 851 1043 892 venerit
1069 850 1394 893 &Vratislavianr
1423 850 1473 891 Et
1493 847 1613 892 debet

123 919 235 963 idem
266 919 469 963 Iohannes
502 920 616 963 Bank
648 932 810 963 tantum
843 920 943 963 aduc
979 921 1120 964 sedere
1154 922 1195 963 in
1227 920 1357 964 domo
1384 921 1449 963 illa
1483 936 1612 978 usque

123 993 171 1034 ad
213 989 365 1034 festum
403 992 531 1033 sancti
566 991 782 1034 Michaelis
814 1007 863 1033 ex
895 1007 1004 1033 nunc
1039 992 1277 1048 proximum
1311 1003 1349 1034 et
1387 991 1465 1034 hoc
1497 992 1613 1048 quasi

122 1072 353 1104 conventor
385 1061 454 1104 scd
488 1063 576 1104 sine
601 1073 742 1104 tamen
775 1077 913 1105 censu.
942 1063 1046 1104 Item
1080 1063 1320 1105 universam
1353 1062 1616 1119 suppellecti-

123 1133 204 1176 lem
237 1145 279 1176 et
308 1148 373 1176 res
399 1133 594 1176 utensiles
617 1133 703 1175 sive
735 1131 998 1185 domesticas,
1031 1148 1132 1190 quas
1164 1134 1373 1176 Antonius
1401 1133 1614 1190 supparius

121 1204 284 1262 reliquit
315 1202 421 1262 apud
447 1203 676 1247 Iohannem
710 1203 838 1256 Bank,
872 1203 961 1246 illas
988 1203 1108 1246 debet
1129 1204 1241 1246 idem
1267 1203 1471 1246 Iohannes
1500 1203 1614 1245 Bank

120 1276 309 1318 Antonio
341 1285 409 1318 aut
440 1276 528 1317 eius
561 1275 817 1332 procuratori
861 1275 1050 1317 similiter
1084 1275 1298 1317 restituere
1336 1285 1375 1316 et
1417 1274 1467 1317 de
1506 1273 1615 1316 facto

121 1362 232 1389 nunc
263 1348 403 1390 statim
441 1346 703 1389 Wrafislavie
735 1361 863 1388 manu
895 1344 1054 1388 tradere
1087 1358 1127 1388 et
1147 1356 1380 1402 presentare
1403 1346 1444 1387 in
1466 1345 1613 1388 eodem

121 1417 276 1470 valore,
300 1431 475 1459 numero
496 1427 536 1459 et
559 1416 792 1474 integritate
818 1417 923 1458 sicut
951 1415 1039 1458 illas
1063 1414 1110 1458 ab
1139 1431 1189 1458 eo
1217 1416 1409 1472 suscepit.
1438 1415 1615 1467 Deinde,

121 1488 156 1530 si
178 1503 226 1531 ex
249 1498 362 1545 parte
383 1488 556 1530 Antonii
577 1487 755 1544 supparii
779 1501 863 1530 non
887 1486 1091 1529 creditum
1114 1486 1248 1538 fuerit,
1272 1486 1382 1544 quod
1408 1486 1614 1529 Iohannes

122 1558 238 1601 Bank
265 1557 431 1601 easdem
458 1573 523 1601 res
548 1568 634 1600 tam
661 1556 791 1600 bonas
819 1568 857 1600 et
884 1558 1064 1614 integras
1087 1558 1123 1599 ei
1157 1558 1418 1609 restituisset,
1446 1572 1495 1599 ex
1516 1568 1613 1599 tunc

121 1628 240 1672 debet
271 1630 358 1687 ipse
388 1628 593 1672 Iohannes
626 1629 741 1671 Bank
772 1628 823 1672 dc
856 1628 934 1671 hoc
963 1639 1143 1685 prestare
1165 1629 1446 1671 iuramentum
1470 1643 1612 1671 coram

121 1699 361 1744 consulibus
388 1701 668 1754 &Vratislaviffi
689 1700 801 1757 quod
823 1715 898 1743 nec
921 1700 1058 1757 plures
1086 1715 1160 1742 nec
1187 1700 1382 1743 meliores
1411 1701 1616 1757 suscepis-

121 1783 182 1815 set
208 1770 257 1815 ab
288 1772 380 1830 ipso
405 1773 592 1815 Antonio
625 1787 690 1814 res
723 1771 979 1814 huiusmodi.

211 1843 372 1896 Quarta
416 1843 645 1900 propositio
693 1843 866 1885 Antonii
915 1843 1093 1899 supparii
1138 1842 1335 1885 adversus
1385 1842 1612 1885 Iohannem

122 1913 235 1956 Bank
268 1913 343 1956 fuit
376 1929 451 1971 pro
487 1913 669 1971 dampno
701 1927 781 1970 500
808 1913 1082 1966 florenorum,
1115 1914 1227 1970 quod
1265 1912 1493 1971 dampnum
1529 1915 1614 1971 ipse

121 1981 330 2027 habuisset
361 1985 404 2027 in
434 1985 612 2042 quadam
645 2001 812 2028 summa
843 1984 1102 2027 florenorum
1150 1983 1341 2027 videlicet
1376 1998 1458 2039 920
1491 1983 1615 2027 flore-

120 2069 288 2098 norum.
315 2055 362 2098 In
394 2055 473 2099 hoc
499 2055 756 2099 absolvimus
788 2056 927 2113 ipsum
968 2055 1198 2098 Iohannem
1232 2055 1346 2098 Bank
1379 2054 1428 2098 ab
1462 2071 1507 2098 ea
1540 2071 1615 2113 po-

121 2125 355 2179 stulatione,
398 2142 472 2184 pro
505 2143 570 2180 eo,
611 2127 723 2184 quod
760 2128 968 2170 Antonius
1002 2128 1219 2184 supparius
1252 2142 1337 2169 non
1370 2127 1510 2170 habuit
1543 2127 1616 2169 ali-

120 2212 220 2255 quas
253 2198 421 2252 litteras,
453 2199 564 2256 quod
596 2199 802 2242 Iohannes
835 2199 950 2242 Bank
979 2198 1177 2256 obligavit
1204 2214 1247 2241 se
1279 2198 1327 2242 ad
1356 2199 1611 2242 refusionem

122 2267 364 2312 huiusmodi
390 2267 573 2327 dampni.

207 2339 255 2382 In
286 2341 427 2398 quinta
458 2341 623 2398 querela
656 2341 872 2398 proposuit
897 2342 1107 2384 Antonius
1141 2343 1356 2399 supparius
1383 2353 1525 2384 contra
1548 2342 1614 2384 Io-

120 2410 301 2454 hannem
329 2412 458 2466 Bank,
490 2413 665 2470 qualiter
698 2413 764 2455 ille
797 2427 867 2470 per
894 2413 1070 2456 alterum
1103 2412 1325 2456 dimidium
1360 2428 1514 2456 annum
1543 2428 1614 2456 ne-

119 2482 316 2539 gotiando
339 2499 436 2526 cum
462 2482 684 2527 duodecim
706 2482 871 2526 milibus
894 2484 1151 2527 florenorum
1176 2484 1425 2541 percepisset
1445 2483 1540 2526 inde
1573 2485 1614 2526 in

118 2552 247 2596 lucro·
273 2567 381 2597 1200
414 2570 574 2598 marcas
606 2570 854 2612 grossorum
887 2566 926 2597 et
960 2556 1121 2612 repetiit
1153 2554 1202 2598 ab
1236 2571 1286 2598 eo
1319 2555 1397 2597 hoc
1433 2555 1611 2597 lucrum.

119 2621 184 2666 Ad
215 2624 327 2680 quod
371 2625 625 2682 respondens
669 2625 874 2668 Iohannes
917 2626 1028 2668 Bank
1072 2625 1189 2678 dixit,
1232 2625 1342 2683 quod
1386 2641 1469 2668 non
1503 2637 1610 2668 tanta

120 2692 264 2738 fuisset
296 2711 462 2739 summa
495 2696 678 2753 capitalis
710 2706 748 2738 et
780 2695 891 2754 quod
925 2697 1012 2753 ipse
1048 2711 1133 2739 non
1166 2696 1258 2754 plus
1291 2697 1472 2739 lucratus
1505 2707 1612 2739 esset

120 2763 171 2808 de
202 2767 374 2822 pecunia
404 2768 532 2824 ipsius
553 2767 727 2810 Antonii
753 2782 878 2824 quam
903 2780 953 2823 75
986 2783 1160 2820 marcaS‚
1189 2779 1227 2810 et
1253 2770 1363 2825 quod
1387 2766 1497 2810 idem
1525 2768 1613 2809 An-

120 2837 260 2879 tonius
292 2839 520 2881 remisisset
552 2837 628 2880 sibi
660 2838 760 2881 illud
793 2838 970 2880 lucrum.
1005 2839 1135 2895 Super
1168 2839 1246 2881 hoc
1279 2839 1412 2882 taliter
1447 2850 1611 2881 senten-

120 2906 288 2960 tiamus,
319 2908 430 2966 quod
457 2908 662 2952 Iohannes
695 2908 811 2951 Bank
843 2909 976 2952 iurare
1008 2908 1142 2962 debet,
1174 2909 1284 2967 quod
1318 2909 1392 2952 hec
1426 2910 1479 2952 ita
1513 2911 1608 2963 sint,
