2201 3554
607 412 765 457 Omnia
798 412 839 454 in
873 411 1091 454 communi
1124 421 1306 463 moneta,
1338 409 1508 452 florenis
1539 409 1734 466 exceptis,
1766 418 1806 451 et
1837 421 1912 466 pro
1939 419 2005 452 to-
2032 463 2036 467 ι

517 483 642 527 tidem
677 481 858 539 dampni.

613 578 727 612 llelcel
768 578 808 619 ΙΙ,
847 589 898 611 nr.
938 587 1040 621 2134.
1080 577 1157 610 Alia
1199 577 1332 610 eandem
1371 587 1503 611 causam
1538 576 1714 622 spectantia
1751 574 1825 609 vide
1863 574 2004 616 ibidem,

517 651 569 672 nr.
600 648 701 682 2119,
730 647 832 682 2191,
864 645 965 679 2245,
993 635 1095 683 2269,
1123 646 1225 680 2270,
1253 646 1357 682 2279,
1381 636 1481 669 2280.

604 744 672 785 48.
712 740 956 783 Wladislaus
987 756 1054 784 rex
1085 740 1270 784 Polonicze
1302 739 1518 783 Bochniczm
1550 739 1764 790 deveniens,
1790 737 2004 782 nonnullis

515 813 702 870 praelatis
733 823 772 854 et
805 810 1028 854 baronibus
1050 811 1345 869 praesentibus,
1368 809 1418 853 de
1450 809 1686 853 introitibus
1707 824 1934 866 zupparum
1953 807 2003 851 ab

515 885 700 926 Antonio
732 882 782 925 de
810 883 1017 925 Florentia
1050 883 1153 924 Italo
1186 881 1360 939 rigidam
1394 882 1514 938 exigit
1542 882 1746 923 rationem.

1557 974 1747 1025 Romnae,
1786 974 1912 1029 1428.

607 1037 773 1083 Dlugosz,
795 1035 947 1071 Historia
973 1035 1140 1071 Poloniae
1167 1034 1228 1077 IV,
1257 1046 1289 1080 p.
1315 1043 1391 1080 351.

602 1140 670 1181 49.
705 1137 916 1180 Dominus
948 1135 1147 1179 Nicolaus
1184 1134 1407 1191 Jaroczsky
1445 1161 1502 1165 —
1550 1131 1692 1176 habuit
1737 1147 1812 1190 pro
1855 1131 2003 1175 solutis

519 1222 566 1265 17
590 1212 638 1256 Ἰ,
671 1207 841 1251 ducatos
872 1234 930 1239 —
960 1222 982 1249 a
1015 1206 1185 1249 Matheo
1217 1204 1267 1248 de
1294 1205 1470 1248 Medicis
1496 1216 1728 1248 mercatore
1761 1203 2002 1246 Florentino

510 1291 696 1337 receptos
729 1279 946 1322 occasione
979 1276 1129 1321 cambii
1161 1291 1233 1334 per
1253 1275 1474 1319 dominum
1506 1276 1560 1320 N.
1589 1275 1902 1318 Thomasconis
1927 1289 2004 1318 no-

513 1351 626 1393 mine
657 1349 751 1393 dicti
779 1348 939 1392 domini
969 1347 1192 1404 Jaroczsky
1223 1347 1329 1390 facti.

941 1442 1132 1494 Gnesme,
1163 1443 1205 1484 in
1237 1442 1474 1495 consistorio,
1511 1455 1562 1497 19
1597 1439 1752 1498 Aprilis
1787 1442 1913 1496 1428.

608 1538 826 1580 Ulanowslzi‚
854 1538 942 1572 Acta
969 1538 1203 1583 capitulorum
1230 1537 1273 1578 II,
1299 1548 1351 1571 nr.
1380 1546 1458 1571 220.

603 1643 671 1684 50.
706 1639 926 1696 Recognitio
959 1637 1172 1697 Reginaldi
1203 1638 1246 1680 de
1270 1637 1425 1682 Sandro
1446 1637 1490 1679 de
1512 1635 1716 1680 Florentia
1746 1635 1791 1678 de
1816 1634 2004 1678 mercibus

523 1711 699 1754 Venerius
730 1710 920 1752 adductis.

1290 1767 1514 1820 Cracoviae,
1554 1781 1605 1823 19
1640 1767 1753 1809 Iunii
1786 1767 1913 1822 1428.

603 1865 690 1921 Ego
724 1863 962 1920 Reynaldus
999 1861 1048 1906 de
1092 1861 1252 1907 Sandro
1273 1871 1283 1889 ¹
1318 1862 1368 1905 de
1402 1861 1610 1905 Florentia
1642 1860 1860 1915 confiteor,
1891 1859 2003 1919 quod

514 1951 592 1993 ego
624 1936 666 1978 in
699 1935 966 1977 Wratislavia
997 1935 1168 1977 nomine
1199 1933 1402 1977 Anthonii
1436 1933 1581 1990 scripsi
1614 1933 1656 1975 in
1687 1930 1794 1976 libro
1822 1947 1898 1975 suo
1930 1931 2004 1986 sic,

514 2006 623 2065 quod
651 2008 775 2050 etiam
801 2022 878 2049 nos
906 2005 1137 2065 [duximus]
1165 2005 1214 2048 ad
1239 2005 1437 2048 Venetias
1465 2020 1486 2047 a
1517 2003 1583 2047 die
1616 2017 1664 2060 17
1692 2002 1742 2046 de
1769 2002 2004 2061 Septembri

515 2094 586 2136 per
612 2079 861 2122 Henslinum
893 2076 943 2120 de
976 2078 1129 2120 Larosa
1162 2076 1315 2134 lapides
1354 2090 1403 2118 10
1436 2075 1560 2119 libras
1595 2089 1618 2118 2
1661 2075 1711 2118 de
1747 2076 1923 2118 cremesi
1965 2085 2004 2118 et

514 2150 667 2207 lapides
704 2163 753 2192 12
787 2150 926 2191 minus
960 2147 1073 2191 libris
1109 2162 1128 2204 3
1166 2159 1205 2190 et
1237 2148 1312 2190 ista
1345 2147 1484 2190 onmia
1520 2147 1685 2190 fuerunt
1717 2147 1760 2189 in
1791 2157 1882 2189 toto
1904 2146 2005 2204 lapi-

513 2221 585 2264 des
620 2234 672 2263 22
706 2221 844 2263 minus
883 2234 896 2262 1
926 2219 1039 2262 libra.
1064 2220 1114 2262 Et
1136 2219 1227 2276 plus
1253 2219 1303 2262 de
1333 2220 1448 2262 vario
1484 2220 1507 2261 6
1542 2219 1655 2262 milia
1677 2219 1859 2277 quinque
1883 2227 2004 2261 cento

515 2302 554 2334 et
585 2291 664 2334 hoc
697 2290 809 2334 idem
841 2291 956 2333 vario
990 2301 1028 2332 et
1061 2291 1236 2332 cremesi
1271 2300 1365 2332 sunt
1396 2289 1600 2332 Anthonii
1632 2289 1681 2332 de
1713 2289 1899 2333 Iohanne
1937 2304 2005 2332 su-

515 2360 710 2419 pradicto.
734 2361 784 2404 Et
810 2362 867 2403 sic
890 2360 1090 2404 confiteor
1113 2376 1191 2418 ego
1219 2359 1472 2418 Reynaldus,
1495 2359 1606 2418 quod
1633 2371 1769 2404 totum
1791 2359 2004 2404 residuum

514 2433 563 2475 de
590 2433 706 2474 vario
739 2443 777 2474 ct
804 2433 993 2485 cremesi‚
1025 2447 1104 2489 que
1137 2431 1387 2474 Hanselinus
1420 2430 1469 2474 de
1502 2432 1657 2474 Larosa
1689 2431 1807 2474 duxit
1839 2431 1889 2475 ad
1919 2432 2005 2481 ve.-

515 2504 657 2555 netias‚
677 2514 771 2545 sunt
803 2502 998 2545 Iohannis
1016 2503 1160 2559 Banky
1182 2503 1232 2545 de
1250 2502 1529 2545 Wratislavia.
1554 2503 1604 2545 Et
1627 2518 1706 2560 ego
1732 2502 1865 2545 dictus
1893 2502 2005 2559 Rey-

514 2572 660 2617 naldus
683 2574 827 2631 scripsi
860 2574 981 2616 istam
1028 2573 1207 2616 litteram
1254 2573 1305 2616 de
1352 2589 1444 2616 mea
1486 2589 1612 2616 manu
1658 2574 1824 2631 propria
1870 2588 1893 2616 a
1939 2572 2005 2616 die

521 2657 569 2698 19
603 2642 652 2686 de
693 2643 812 2686 Iunio
851 2644 957 2700 1428
991 2644 1033 2686 in
1062 2644 1280 2688 Cracovia.
1314 2644 1364 2686 Et
1397 2644 1487 2701 plus
1520 2659 1598 2701 ego
1632 2642 1873 2700 Reynaldus
1905 2658 2006 2687 con-

515 2713 649 2766 fiteor,
690 2713 801 2770 quod
848 2726 942 2771 post
972 2714 1146 2757 annuale
1195 2713 1334 2757 forum
1367 2713 1416 2757 de
1464 2715 1594 2772 Brega
1641 2713 1847 2757 Iohannes
1889 2713 2004 2757 Bank

515 2784 661 2827 direxit
692 2784 825 2826 dictos
859 2786 1032 2827 cremesi
1060 2796 1098 2827 et
1130 2785 1246 2827 vario
1273 2783 1322 2828 ad
1357 2785 1552 2828 Venetias
1584 2796 1623 2828 et
1655 2801 1734 2843 ego
1760 2786 1903 2843 scripsi
1929 2800 2004 2843 pro

613 2910 622 2927 1
652 2903 728 2937 MS.
755 2903 896 2938 Sandio.
