2201 3554
1139 295 1370 350 *46-

513 415 658 458 thonio
685 411 879 455 Iohannis
911 408 975 452 vel
1009 403 1448 464 compromittenduin.
1483 402 1757 457 Interogatus,
1780 394 1996 454 quomodo

514 486 588 527 scit
612 481 854 540 supradicta,
875 479 990 532 dixit,
1012 477 1123 535 quod
1150 475 1381 533 supradicta
1414 474 1502 525 scit,
1525 471 1619 529 quia
1639 481 1736 512 tunc
1759 467 1997 511 versabatur

513 556 644 599 dictus
676 554 789 596 testis
823 553 863 594 in
896 550 974 592 illis
1007 549 1204 592 contratis
1237 545 1474 596 mercando,
1498 557 1593 599 sepe
1625 540 1762 597 sepius
1794 537 1998 596 portando

515 625 758 669 mercantias
789 622 839 665 dc
872 636 955 663 uno
988 620 1081 662 loco
1113 617 1160 661 ad
1196 617 1352 669 allium,
1381 626 1422 657 ut
1449 625 1509 657 est
1536 613 1667 655 moris
1702 620 1997 654 mercatorum.

513 698 785 752 Interogatus‚
798 690 1012 750 quomodo
1030 689 1243 747 cognoscit
1260 687 1417 730 dictum
1435 699 1499 727 ser
1511 682 1772 726 Anthonium
1787 679 1998 732 Iohannis,

514 767 627 818 dixit,
645 766 739 823 quia
761 763 975 821 cognoscit
993 762 1144 818 ipsum,
1163 774 1260 802 nam
1288 757 1397 800 stetit
1419 756 1518 798 alias
1539 769 1680 796 secum
1705 753 1747 795 in
1767 750 1909 794 domo.
1931 750 2000 792 In-

514 847 738 893 terogatus,
756 836 787 877 si
806 833 926 876 habet
948 830 1100 889 aliquid
1122 845 1242 887 agere
1265 843 1360 871 cum
1382 827 1557 870 domino
1576 839 1639 867 ser
1656 823 1840 866 Iohanne
1858 819 1997 864 Banch

515 908 579 950 vel
611 917 671 949 est
704 905 862 949 debitor
895 903 958 945 vel
992 902 1170 945 creditor
1203 915 1300 943 suus
1333 899 1397 941 vel
1431 898 1584 949 socius,
1617 894 1732 948 dixit,
1769 891 1881 952 quod
1913 907 1999 936 non

516 978 635 1022 habet
666 974 816 1034 aliquid
849 989 969 1033 agere
1003 988 1159 1016 secum.

608 1072 776 1113 Venetiis,
795 1070 963 1105 Archivio
984 1069 1017 1103 di
1032 1068 1141 1109 Stato,
1159 1067 1328 1108 Petizion,
1345 1063 1625 1100 Estraordinario
1644 1061 1766 1096 nodari
1781 1061 1850 1095 vol.
1870 1070 1890 1106 9
1908 1058 1929 1094 f.
1953 1067 1998 1094 lv.

518 1154 559 1159 -—-
578 1133 618 1167 In
645 1133 816 1178 margine:
850 1130 904 1163 Ad
931 1127 1135 1162 instantiam
1154 1137 1207 1160 ser
1234 1125 1399 1159 Iohannis
1421 1123 1539 1157 Banch
1558 1122 1600 1156 de
1626 1120 1801 1155 Breslavia
1820 1118 1999 1154 teotonici.

516 1192 655 1226 Iuravit.
682 1212 726 1216 —
753 1189 813 1223 Ed.
841 1186 1062 1229 Simonsfeld,
1088 1185 1251 1220 Fondaco
1277 1184 1331 1218 dei
1362 1182 1533 1217 Tedeschi
1561 1182 1596 1215 in
1622 1180 1783 1225 Venedig
1809 1179 1835 1221 I,
1860 1190 1893 1224 p.
1925 1187 2000 1224 190,

517 1264 567 1286 nr.
599 1251 674 1296 358.

605 1348 672 1389 55.
708 1345 907 1387 Processus
940 1343 1039 1385 inter
1071 1340 1288 1383 Iohannem
1321 1337 1437 1381 Banle
1478 1338 1522 1380 de
1556 1334 1818 1379 Wratislczvia
1848 1342 1883 1376 et
1915 1332 2002 1375 Mi-

515 1417 680 1461 chaelem
708 1415 896 1458 Iohannis
928 1413 1120 1456 occasione
1161 1410 1411 1469 quarundam
1459 1409 1644 1452 mercimn
1686 1422 1711 1450 a
1753 1407 1852 1449 dicto
1885 1403 2001 1448 Bank

526 1489 701 1531 Venetins
750 1487 958 1528 missarum
989 1492 1024 1526 et
1053 1498 1076 1526 a
1111 1481 1304 1526 Miclmele
1340 1481 1468 1538 fratri
1499 1496 1566 1523 sno
1600 1480 1777 1522 Antonio
1809 1477 2003 1520 Iohannis

515 1560 560 1602 de
595 1558 785 1602 cracovia
816 1556 1118 1613 adscripturum.

668 1664 706 1706 V
705 1663 836 1706 eneiiis
861 1661 981 1720 [circa
1012 1662 1063 1704 18
1088 1658 1324 1702 Novembris
1349 1666 1419 1700 ant
1445 1672 1496 1714 14
1522 1656 1745 1699 Decembris
1770 1654 1938 1714 Ῑ429].ι

605 1759 734 1816 Super
766 1757 981 1814 questione
1019 1764 1203 1797 vertente
1246 1754 1352 1796 inter
1385 1768 1448 1795 ser
1481 1751 1710 1795 Iohannem
1743 1749 1912 1794 Bancho
1952 1747 2002 1793 de

518 1830 725 1874 Breslavia
758 1844 806 1871 ex
838 1843 917 1870 una
958 1837 1071 1884 parte
1115 1835 1306 1883 agentem
1350 1835 1389 1866 et
1425 1838 1490 1866 ser
1522 1823 1772 1866 Michaelem
1805 1822 2002 1866 Iohannis

517 1917 565 1944 ex
592 1900 668 1943 alia
694 1897 999 1948 defendentem,
1031 1895 1164 1939 dictus
1197 1906 1310 1938 actor
1337 1895 1395 1936 sic
1430 1891 1644 1950 allegando
1671 1891 1844 1936 dicebat.
1888 1892 2004 1936 Con-

515 1973 640 2025 zosia,
667 1971 741 2014 che
773 1971 814 2013 io
847 1967 1065 2012 mandasse
1098 1982 1168 2025 per
1201 1981 1266 2009 ser
1299 1967 1411 2008 Zuan
1442 1965 1491 2008 de
1525 1965 1665 2008 Ruosa
1697 1964 1774 2007 alle
1806 1979 1906 2006 man
1936 1961 2002 2007 del

516 2043 626 2086 dicto
649 2057 714 2085 ser
736 2040 906 2084 Michiel
934 2039 1109 2082 carmesi
1141 2037 1241 2080 libre
1268 2038 1374 2092 2673
1402 2052 1423 2078 e
1445 2037 1532 2078 vari
1556 2049 1663 2092 7241
1693 2051 1714 2078 a
1737 2046 2001 2093 pagamento,

517 2115 529 2156 i
561 2113 655 2170 qual
699 2113 786 2154 vari
818 2127 839 2153 e
872 2110 1047 2153 carmesi
1080 2109 1116 2151 61
1149 2107 1324 2151 dovesse
1366 2106 1534 2158 vender,
1567 2106 1602 2148 el
1646 2117 1753 2148 trato
1794 2105 1844 2148 de
1875 2104 2003 2163 quelli

518 2195 647 2227 meter
679 2184 720 2226 in
754 2182 876 2240 panni
907 2180 957 2224 de
990 2179 1081 2223 seda
1117 2194 1138 2221 e
1170 2178 1323 2231 taffeta‚
1350 2178 1386 2220 16
1418 2177 1511 2234 qual
1549 2192 1646 2219 cose
1689 2176 1716 2218 I'
1730 2175 1818 2218 abia
1861 2191 2002 2218 messo

515 2257 557 2298 in
590 2270 665 2297 suo
698 2269 780 2296 uxo
813 2263 954 2295 contra
986 2250 1124 2294 debito
1150 2249 1200 2293 de
1228 2250 1379 2292 rasion.
1413 2249 1444 2290 E
1478 2247 1622 2290 siando
1655 2258 1715 2290 sta
1747 2246 1954 2290 arbitrado
1980 2261 2002 2290 a

515 2327 700 2368 Vcniexa
741 2336 802 2367 tra
835 2324 870 2366 le
902 2323 1009 2366 dicte
1052 2332 1164 2379 parte
1203 2320 1266 2363 ch'
1287 2321 1327 2362 io
1369 2319 1545 2362 dovesse
1590 2317 1739 2362 andare
1777 2319 1819 2361 in
1850 2317 1887 2361 le
1920 2318 2003 2361 mie

514 2409 625 2455 parte
648 2413 669 2440 e
693 2396 752 2439 far
779 2395 813 2437 61
841 2396 929 2437 mio
962 2392 1090 2451 poder
1120 2392 1275 2436 d'esser
1301 2391 1459 2449 pagado
1486 2391 1535 2434 da
1558 2391 1774 2433 Antuonio
1800 2390 1850 2433 de
1873 2391 2003 2433 Zuani

514 2468 685 2512 fradello
716 2466 781 2510 del
814 2466 923 2509 dicto
956 2464 1138 2507 Michiel.
1178 2464 1209 2505 E
1242 2460 1455 2521 provando
1489 2463 1546 2504 mi
1579 2477 1675 2504 aver
1708 2461 1816 2504 facto
1849 2460 1884 2504 el
1914 2461 2002 2504 mio

514 2539 641 2598 podet
673 2538 826 2582 d'esser
858 2535 1016 2594 pagado
1048 2534 1112 2578 dal
1144 2534 1254 2578 dicto
1286 2534 1516 2586 Antuonio,
1544 2548 1565 2575 e
1598 2532 1672 2575 che
1699 2533 1711 2574 i
1737 2531 1835 2575 dicti
1868 2531 1954 2574 vari
1980 2546 2002 2574 e

514 2611 691 2654 carmesi
723 2609 834 2652 fosse
867 2607 950 2650 mie
983 2622 1003 2649 6
1035 2622 1056 2648 a
1091 2606 1177 2648 mio
1209 2620 1336 2647 nome
1371 2602 1562 2646 mandadi
1594 2619 1615 2645 a
1639 2603 1839 2645 Veniexia
1866 2618 1886 2645 a
1915 2602 2002 2645 mio

515 2681 697 2739 pericolo
729 2697 750 2723 e
783 2695 918 2737 spexa.
952 2679 983 2720 E
1021 2678 1063 2720 io
1104 2676 1192 2719 abia
1235 2675 1419 2734 provado
1451 2686 1542 2717 tuto
1575 2675 1611 2717 al
1643 2673 1808 2717 zudixio
1845 2673 1895 2717 de
1931 2674 2003 2716 voi

612 2855 619 2872 ¹
652 2848 889 2881 Documentum
917 2846 975 2879 hoc
999 2850 1045 2879 est
1069 2846 1137 2878 sim*
1162 2844 1240 2878 data
1265 2848 1295 2877 et
1311 2845 1380 2878 sine
1398 2843 1478 2888 fine.
1508 2843 1668 2876 Anterins
1688 2846 1734 2876 est
1753 2841 1791 2875 de
1815 2841 1846 2875 d.
1871 2841 1914 2875 18
1932 2840 2003 2874 No-

515 2908 655 2942 vembris
678 2908 841 2953 patieritis
866 2906 903 2939 de
929 2906 961 2940 d.
992 2915 1033 2948 14
1060 2904 1250 2939 Decembris
1280 2913 1379 2949 1429.
