2201 3554
781 321 1012 363 ,59-

152 430 286 476 partes
332 418 483 471 dicere,
521 419 748 476 producere
795 431 835 462 et
881 420 1056 477 allegare
1105 420 1338 471 voluerunt,
1372 432 1409 462 et
1453 420 1644 462 conside-

152 476 250 532 ratis
282 489 480 532 omnibus
512 489 838 542 considerandis,
872 501 1050 540 actento,
1087 489 1198 547 quod
1236 489 1345 532 idem
1371 505 1435 532 ser
1463 490 1641 532 Michael

152 559 254 603 dixit
285 561 328 602 in
359 559 526 613 iudicio,
559 560 669 618 quod
703 572 856 603 tractus
889 559 1040 603 nitidus
1073 560 1281 603 dictorum
1324 561 1538 602 variorum
1581 576 1646 603 as-

155 629 362 674 cendunt¹
397 630 445 674 ad
470 639 680 674 summam
715 631 917 674 dictarum
943 631 1140 674 librarum
1175 645 1244 686 49,
1270 647 1300 673 s.
1326 632 1366 683 8,
1393 647 1432 688 g.
1464 644 1501 683 2,
1525 647 1562 689 p.
1594 632 1640 674 18

146 691 263 743 salvo
295 715 413 744 erore
445 702 604 744 calculi.
639 702 770 758 Super
803 702 881 745 hoc
910 702 1051 745 habito
1074 701 1250 744 consilio
1271 701 1473 759 diligenti,
1501 703 1639 758 primo

146 771 243 815 dato
287 783 548 815 sacramento
590 772 702 815 dicto
748 788 812 815 ser
854 773 1027 815 Iohanni
1072 772 1240 815 Bancho
1273 784 1312 814 et
1345 773 1435 829 ipso
1479 773 1639 815 iurante

146 857 293 886 verum
327 859 416 887 esse
448 854 488 886 et
520 843 669 886 habere
700 842 862 895 debere,
896 855 940 885 ut
973 858 1093 900 supra
1122 845 1234 900 petit,
1267 842 1350 886 duo
1383 858 1545 894 eorum,
1567 844 1636 900 qui

146 928 282 971 supra,
325 929 397 972 per
424 915 684 966 sententiam,
717 912 886 957 laudum
919 925 957 957 et
991 913 1221 965 arbitrium,
1255 929 1325 971 per
1359 915 1562 956 iusticiam
1598 926 1636 957 et

144 999 293 1028 eorum
335 984 523 1028 officium
581 984 866 1028 sententiando
915 996 1164 1042 possuerunt
1197 986 1238 1027 in
1259 984 1444 1027 debitum
1477 984 1633 1027 dictum

146 1070 212 1098 ser
238 1055 487 1100 Michaelem
509 1056 705 1099 Iohannis
732 1055 868 1098 eidem
889 1071 955 1098 ser
977 1055 1151 1098 Iohanni
1174 1055 1342 1098 Bancho
1369 1056 1410 1097 in
1432 1067 1634 1113 quantum

144 1138 241 1169 sunt
271 1126 379 1170 dicte
412 1127 513 1170 libre
544 1127 811 1184 quadraginta
830 1142 1000 1180 novem,
1033 1126 1137 1169 soldi
1166 1128 1206 1180 8,
1233 1142 1293 1183 gr.
1321 1139 1358 1178 2,
1382 1142 1420 1183 p.
1446 1127 1493 1169 18
1515 1141 1635 1183 gros-

143 1211 287 1240 sorum
320 1196 369 1240 ad
396 1212 558 1249 aurum,
586 1197 702 1240 salvo
728 1212 846 1240 erore
869 1197 1027 1248 calculi,
1056 1198 1256 1239 ocaxione
1286 1198 1502 1254 premissa,
1535 1213 1635 1240 con-

140 1266 385 1312 demnantes
416 1268 575 1312 dictum
610 1285 674 1312 ser
715 1269 965 1312 Michaelem
999 1268 1195 1311 Iohannis
1234 1269 1276 1310 in
1309 1270 1514 1325 expensis,
1555 1284 1634 1326 que

140 1350 250 1390 sunt,
288 1339 432 1383 dantes
472 1339 609 1383 eidem
653 1355 718 1383 ser
751 1340 925 1383 Iohanni
968 1339 1138 1382 Bancho
1174 1339 1223 1382 ad
1267 1339 1632 1383 intromittendum

141 1410 281 1452 omnia
314 1408 422 1453 bona
454 1410 624 1454 mobilia
651 1422 690 1453 et
722 1410 953 1454 immobilia
981 1409 1080 1452 dicti
1108 1425 1172 1452 ser
1194 1409 1412 1452 Michaelis
1435 1410 1631 1453 Iohannis

138 1479 390 1539 ubicumque
422 1491 614 1539 poterunt
649 1482 817 1538 reperiri
850 1493 889 1524 et
921 1496 1140 1539 personam
1176 1482 1263 1523 eius
1296 1479 1466 1523 ubilibet
1494 1495 1632 1524 carce-

137 1550 250 1595 ribus
281 1551 453 1596 detineri
481 1568 611 1610 usque
643 1552 692 1596 ad
726 1554 930 1610 integram
964 1551 1288 1594 satisfactionem
1323 1553 1515 1594 omnium
1537 1567 1629 1609 pre-

137 1623 380 1678 missorum,
413 1623 538 1666 salvis
561 1634 599 1666 et
622 1625 863 1666 resservatis
887 1622 1081 1667 omnibus
1104 1634 1142 1665 et
1167 1622 1340 1680 singulis
1365 1622 1453 1665 aliis
1471 1622 1627 1678 juribus

136 1693 354 1738 ambarum
388 1696 567 1752 partium
598 1695 747 1752 quovis
781 1693 923 1737 modo.

228 1783 398 1827 Venetiis‚
428 1784 597 1819 Archivio
623 1784 657 1818 di
689 1784 799 1825 Stato,
833 1771 1000 1825 Petiziom
1032 1783 1203 1817 Sentenze
1242 1794 1260 1816 a
1293 1782 1452 1827 giustizia
1479 1782 1539 1816 R.0
1566 1783 1624 1825 48,

135 1844 182 1880 cf
211 1844 253 1879 28
280 1853 314 1879 et
340 1854 437 1891 sequ.

224 1977 292 2019 58.
328 1975 494 2019 Senatus
527 1974 778 2018 Florentium
819 1975 898 2031 regi
935 1973 1128 2022 Poloniae
1174 1974 1393 2018 Guidonem
1434 1974 1625 2018 Iohannis

132 2046 177 2089 de
202 2045 405 2090 Florentia
432 2047 689 2090 conmmendat.

807 2105 1042 2156 Florentiae,
1077 2119 1100 2148 2
1109 2117 1130 2158 3
1167 2104 1376 2147 Februarii
1406 2118 1530 2161 1430.

220 2195 324 2253 Regi
357 2195 544 2238 Polonie.
578 2194 851 2238 Serenissime
873 2195 1060 2252 princeps
1096 2205 1135 2237 et
1167 2194 1513 2236 excellentissime
1545 2192 1620 2237 do-

130 2266 256 2308 mine.
290 2266 536 2323 Negotiatur
569 2267 609 2308 in
642 2265 822 2323 partibus
856 2266 970 2321 regni
1004 2265 1128 2307 vestri
1155 2264 1326 2307 dilectus
1354 2265 1454 2307 civis
1477 2276 1618 2307 noster

129 2337 269 2381 Guido
301 2337 496 2380 Iohannis
524 2353 587 2380 ser
614 2337 773 2389 Mattei,
801 2338 863 2379 vir
891 2338 932 2379 in
959 2337 1122 2379 civitate
1141 2334 1295 2379 'nostra
1327 2351 1376 2378 ex
1403 2334 1515 2378 bono
1547 2351 1619 2393 ge-

126 2423 223 2451 nere
255 2407 456 2466 bonisque
488 2408 724 2466 parentibus
757 2419 872 2451 ortus
895 2419 934 2450 et
961 2407 1180 2464 reipublice
1213 2418 1353 2449 nostre
1386 2405 1613 2449 admodum

125 2490 345 2536 acceptus·
363 2479 475 2523 Cum
521 2480 641 2537 igitur
675 2479 749 2522 hec
782 2483 937 2522 nostra·
955 2479 1099 2521 civitas
1126 2478 1275 2520 eximia
1303 2492 1466 2534 semper
1494 2476 1615 2520 fuerit

125 2547 347 2592 devotione
361 2565 529 2593 accensa
551 2565 647 2608 erga
671 2549 973 2594 Celsitudinem
997 2549 1224 2591 Maiestatis
1244 2548 1280 2590 V
1285 2559 1390 2590 estre
1414 2559 1452 2590 et
1475 2549 1611 2605 ipsum

125 2619 363 2664 Guidonem
387 2632 528 2679 utpote
549 2623 836 2665 civem-suum
856 2621 998 2678 diligat
1030 2631 1069 2663 et
1102 2621 1143 2662 in
1176 2621 1334 2662 cunctis
1372 2619 1507 2662 favere
1544 2636 1610 2662 ex-

87 2693 94 2699 *
122 2703 249 2748 optet,
267 2692 394 2749 Regie
411 2692 655 2736 Celsitudini
670 2693 817 2735 Vestro
836 2692 1046 2734 humiliter
1063 2690 1258 2734 duximus
1282 2689 1610 2747 supplicandum,

121 2773 164 2804 ut
200 2762 350 2822 intuitu
387 2774 531 2807 nostro
552 2750 708 2820 'ipsum
746 2762 986 2806 Guidonem
1020 2760 1168 2804 habere
1202 2761 1299 2804 velit
1333 2760 1610 2804 favorabiliter

218 2921 226 2939 ¹
257 2915 332 2950 MS.
351 2917 558 2952 assentiunt.
