2201 3554
211 401 450 449 'Leopoliensis
475 402 765 449 archiepiscopus,
792 403 915 438 Iohan-

262 472 324 496 nes
349 461 391 496 de
416 461 584 496 Rzeszow
613 471 690 496 20.-

214 519 356 554 Libawa
382 520 505 554 civitas
531 530 565 554 v.

215 577 301 614 Libo
327 589 361 612 ν.
411 574 414 577 ’

161 647 163 649 ’
215 638 370 685 Lignica,
395 638 517 672 civitas
543 639 578 672 in
604 638 725 673 Silesia
753 640 807 684 78.

215 697 363 732 listwice
373 698 460 732 slote
471 698 556 732 alias
570 698 720 743 partic-ae
729 710 853 734 aureae
870 710 920 744 33.

217 756 414 798 Lithuania,
440 766 496 802 95.

216 815 308 850 Luca
338 826 367 858 1,
393 814 449 858 86,
476 816 539 860 873
561 816 615 859 de,
650 817 817 862 magister
848 818 923 851 Mo-

264 874 388 909 naldus
418 883 469 917 15.

216 934 376 970 Lucanus
401 934 608 969 domicellus
638 945 667 979 3.

217 993 347 1028 Lucani
390 1002 619 1029 mercatores:
663 995 839 1029 Antonius
881 996 923 1029 de

265 1051 376 1087 Podio
400 1053 457 1096 85,
483 1052 544 1095 863
571 1053 773 1088 Castruccio
797 1055 925 1100 Sagine

265 1111 323 1154 85,
348 1111 412 1152 86;
437 1111 639 1147 Giuntorini
667 1113 838 1147 Martinus
865 1115 922 1156 85,

266 1169 330 1212 863
366 1170 546 1213 Guinisiis‚
573 1172 626 1213 de,
657 1173 750 1206 Dino
785 1173 925 1213 Leazar,

266 1230 416 1265 Michael
454 1231 510 1274 85,
537 1231 600 1269 862
640 1232 815 1266 Iohannes
853 1244 926 1266 ma-

264 1289 382 1338 gistri⁴
405 1289 553 1325 Gerardi
601 1301 640 1334 23
687 1291 926 1333 Morconibus,

268 1348 322 1390 de,
359 1348 499 1383 Landus
526 1359 564 1390 2;
612 1349 776 1392 Roscilio,
814 1351 928 1385 socius

267 1406 477 1443 Alfanorum
498 1408 540 1443 de
558 1408 733 1444 florentia
761 1419 816 1447 vr:
838 1409 928 1443 Tur-

268 1466 324 1501 chi
353 1466 644 1502 Bartholomaeus
671 1477 703 1502 2.

220 1526 417 1562 Ludovicus
442 1527 485 1562 de
506 1526 694 1569 Florentia,
713 1528 798 1562 civis
824 1528 928 1562 Ilcus-

269 1585 392 1619 siensis
410 1594 466 1631 79,
487 1586 669 1631 supparius
691 1595 751 1630 27:
779 1598 838 1621 rex
864 1586 929 1620 Po-

269 1645 384 1680 loniae
421 1653 454 1679 et
489 1645 690 1691 Hungariae
728 1645 761 1687 6,
795 1656 825 1690 7,
865 1655 925 1689 133

269 1704 558 1739 vicecamerarius
585 1716 693 1751 papae
723 1705 775 1747 18,
803 1715 857 1739 20.

223 1762 428 1809 Luphardus
455 1773 510 1798 20.

223 1821 375 1862 Lusatia,
399 1821 575 1856 Iohannes
600 1822 694 1857 Petri
729 1822 771 1856 de
796 1823 931 1857 Baude-

270 1891 334 1916 sen
359 1881 552 1915 Alemanus
578 1891 635 1925 45.

225 1995 638 2045 Malabayla,de‚Guid0
647 2008 681 2034 et
700 1999 843 2034 lacobus
859 2000 932 2034 vide

273 2060 452 2096 Astenses.

225 2119 392 2155 Manente
415 2120 490 2155 vide
516 2121 715 2156 Ianuenses.

226 2178 438 2215 Mantuanus
463 2179 646 2226 episcopus
677 2190 730 2225 17.

225 2238 460 2284 Margaretha,
478 2249 622 2274 consors
640 2239 786 2274 Antonii
802 2240 844 2274 de
855 2239 932 2273 Flo-

274 2298 397 2340 rentia,
422 2299 572 2345 supparii
607 2298 851 2333 Cracoviensis
878 2308 933 2343 75,

274 2367 338 2403 77;
366 2358 483 2392 relicta
505 2357 687 2392 Wilhelmi
716 2358 758 2392 de
786 2357 932 2392 Fararea

274 2416 413 2450 comitis
442 2426 495 2461 32,
525 2426 577 2462 33.

227 2474 385 2512 Matzeus
409 2484 442 2521 9.

226 2533 384 2576 Medicis,
401 2534 462 2569 de:
485 2535 640 2569 Albicius
660 2545 717 2577 2ο,
735 2545 791 2579 74,
807 2534 862 2576 80,
878 2535 935 2578 83,

276 2592 333 2636 84,
345 2592 483 2628 Calenti
503 2603 559 2639 94,
573 2593 683 2628 factor
701 2594 876 2628 societatis
894 2594 936 2628 de

275 2651 420 2686 Medicis
446 2652 486 2686 in
503 2652 648 2687 Polonia
677 2663 731 2694 21,
758 2652 937 2698 supparius

276 2710 313 2745 in
342 2710 448 2745 Ilcuss
478 2721 531 2756 35,
562 2712 784 2746 theloneator
809 2711 936 2746 Craco-

277 2769 406 2804 viensis
438 2779 493 2813 25,
520 2781 575 2816 27,
603 2771 667 2813 28;
705 2771 878 2805 Iohannes
904 2780 937 2816 9,

277 2837 451 2863 mercator
475 2829 698 2865 Florentinus
730 2830 781 2870 18,
809 2839 863 2871 20,
884 2839 938 2871 21,

277 2898 438 2934 cnmpsor
464 2887 684 2924 Florentinus
718 2889 753 2923 in
779 2888 938 2922 Romana

1036 407 1128 440 curia
1165 407 1317 441 residens
1345 407 1400 451 87,
1436 408 1500 446 88;
1527 407 1699 449 Matheus,

1041 473 1214 499 mercator
1239 464 1461 499 Florentinus
1491 475 1542 509 34.

995 523 1208 557 medicorum
1236 525 1351 558 scolae
1376 523 1568 558 Cracoviae
1597 535 1651 568 27.

995 582 1160 620 medicus.
1195 583 1361 629 magister
1396 583 1568 618 Iohannes
1610 584 1702 618 ltali-

1042 653 1100 675 cus
1129 651 1189 686 27;
1215 642 1337 676 doctor
1360 642 1393 676 in
1417 642 1589 676 medicina
1624 653 1678 687 74.

996 700 1293 735 Mediolanenses:
1330 702 1472 743 Anono,
1509 702 1562 743 de,
1596 702 1702 736 Isido-

1045 770 1099 792 rus
1128 769 1186 794 20:
1214 759 1357 794 Iacobus
1383 759 1467 793 civis
1492 760 1702 795 Cracovien-

1044 817 1088 850 sis
1113 827 1168 859 15:
1188 817 1394 855 Parvesinis.
1413 818 1466 859 de,
1486 818 1629 852 lacobus
1649 827 1703 860 24,

1046 874 1100 917 26,
1133 886 1195 919 27;
1225 884 1333 921 apost.
1368 876 1445 910 Sed.
1469 876 1611 910 nuntius
1640 886 1703 922 95,

1046 934 1218 969 Iohannes
1247 945 1299 978 75.

997 1003 1226 1028 mercatores:
1247 994 1320 1028 vide
1341 995 1519 1036 Astenses‚
1534 994 1704 1036 Bononia,

1045 1052 1232 1094 florentia,
1269 1052 1473 1094 florentini,
1505 1053 1704 1095 Ianuenses,

1045 1111 1187 1153 Lucani,
1220 1111 1509 1153 Mediolanenses,
1536 1112 1705 1153 Perusini,

1045 1171 1173 1213 Pisani,
1204 1171 1362 1213 Pistoris,
1388 1171 1610 1209 Savonensis,
1638 1171 1705 1206 Ve-

1046 1229 1171 1272 netiae,
1198 1229 1434 1264 VVratislavia.

999 1290 1171 1324 Meterom
1201 1290 1358 1332 Iacobus,
1383 1291 1468 1325 civis
1494 1290 1706 1325 Cracovien-

1047 1349 1094 1383 sis
1124 1358 1175 1391 15.

1000 1408 1149 1442 Michael
1177 1408 1342 1442 Iohannis
1367 1408 1441 1442 vide
1469 1408 1567 1442 Ricii.

1001 1468 1181 1502 Michaelis
1215 1467 1370 1509 Iacobus,
1401 1468 1557 1502 notarius
1591 1468 1706 1502 curiae

1048 1527 1190 1561 maioris
1221 1526 1273 1569 58,
1299 1526 1356 1561 68.

1001 1586 1271 1620 Miechoviensis
1296 1586 1440 1620 ecclesia
1469 1596 1524 1620 22.

1001 1645 1113 1679 Minio
1139 1645 1246 1679 Zanin
1279 1655 1330 1689 53.

1003 1705 1127 1739 Miseta
1154 1705 1261 1739 Zanin
1287 1705 1329 1739 de
1351 1705 1509 1739 Venetiis
1536 1714 1569 1740 et
1596 1706 1709 1739 Anto-

1050 1765 1106 1798 nia
1133 1772 1246 1798 mater
1271 1764 1344 1798 eius
1371 1764 1426 1798 82.

1003 1824 1195 1870 Myslenice
1204 1824 1456 1868 (Mislimicze),
1466 1824 1520 1866 de,
1536 1824 1710 1858 Iohannes

1051 1884 1239 1918 advocatus
1270 1894 1320 1925 14.

1002 1943 1167 1985 Modena,
1193 1943 1247 1984 de,
1273 1942 1460 1985 Gerardus,
1481 1943 1648 1977 collector
1675 1942 1710 1976 in

1052 2002 1197 2036 Polonia
1225 2011 1272 2035 v1.

1002 2061 1188 2095 Monaldus
1215 2060 1247 2097 8;
1273 2061 1440 2107 magister
1461 2061 1503 2094 de
1528 2060 1622 2094 Luca
1655 2070 1707 2103 15.

1004 2120 1257 2154 monasterium
1272 2120 1382 2154 sancti
1396 2120 1562 2165 Stephani
1574 2119 1617 2154 de
1626 2119 1711 2153 Car-

1055 2179 1154 2220 raria,
1171 2179 1244 2213 ord.
1267 2190 1291 2212 s.
1308 2178 1484 2213 Benedicti
1506 2189 1543 2214 2:
1566 2178 1712 2212 Zwerzi-

1053 2249 1160 2272 nense
1183 2248 1237 2282 77.

1006 2295 1215 2330 monetarii:
1234 2295 1365 2329 Bartoli
1391 2295 1603 2335 Leonardus,
1635 2295 1712 2329 Flo-

1054 2355 1209 2389 rentinus
1239 2364 1291 2398 13,
1323 2365 1379 2396 14;
1418 2354 1712 2388 Bochsinmeister

1053 2413 1219 2448 Nicolaus
1244 2413 1300 2448 80.

1007 2472 1192 2507 monetarii
1217 2471 1470 2507 Cracovienses
1501 2482 1552 2506 12.

1007 2532 1139 2566 monile
1164 2543 1265 2577 super
1291 2532 1422 2566 crinale
1452 2541 1503 2575 33.

1008 2591 1318 2636 Montepoliciano‚
1345 2591 1399 2632 de,
1429 2590 1464 2624 F.
1491 2601 1546 2636 93.

1009 2658 1147 2684 montes
1175 2650 1394 2684 Bochnenses
1421 2649 1452 2683 6.

1008 2709 1233 2743 Morconibus
1270 2709 1323 2750 de,
1351 2709 1499 2750 Landus,
1542 2716 1714 2742 mercator

1057 2767 1216 2802 Lucanus
1244 2777 1274 2802 2.

1010 2827 1178 2861 Morisoni
1206 2827 1380 2861 Iohannes
1406 2827 1514 2861 Marci
1542 2827 1583 2861 de
1601 2826 1714 2861 Vene-

1057 2887 1126 2927 tiis,
1151 2888 1237 2921 civis
1260 2887 1503 2922 Cracoviensis
1534 2897 1585 2931 15.
