2201 3554
834 317 1049 356 „91-

187 414 318 471 possit
359 412 505 455 exinde
547 411 651 470 apud
685 428 762 455 nos
794 414 962 457 devotio
1008 417 1158 458 merito
1185 414 1484 458 commendari.
1519 416 1674 458 Datum
1722 422 1725 423 ⁷

186 484 324 528 Rome
351 483 455 540 apud
483 495 671 526 sanctum
700 480 870 527 Petrum
906 499 950 540 15
982 486 1174 529 kalendas
1202 487 1318 539 Maii,
1351 501 1460 528 anno
1489 501 1616 528 nono.

279 578 364 624 Reg.
391 578 470 612 Vat.
503 588 562 621 315
589 578 609 612 f.
642 589 716 623 331.
737 600 781 603 —
805 579 843 612 I11
862 579 944 619 fine:
964 580 1015 614 De
1041 581 1134 614 curia
1156 602 1199 605 -—
1220 583 1260 614 A.
1284 582 1326 615 de
1348 581 1609 625 Portugruario.
1633 601 1675 605 —

186 638 237 673 Io.
265 638 308 672 de
333 637 572 672 Tremosnicz.
607 658 645 662 —-
673 637 750 683 Reg.
778 638 898 673 Krofta
927 650 981 684 op.
1009 640 1065 673 cit.
1093 652 1143 673 nr.
1176 642 1277 684 1287.

274 744 343 786 86.
378 741 606 798 Βοηξῖαεῐιις
632 751 697 800 pp.
722 742 787 785 IX
813 746 965 786 cantori
995 744 1311 787 wratislaviensi
1333 754 1367 786 et
1389 745 1530 787 decano
1553 745 1675 786 Prac-

186 813 375 857 misliensi
414 814 593 867 mandat,
624 823 814 871 quatenus
852 817 1064 872 episcopum
1116 815 1479 858 IVIaAEstiensevz
1518 816 1570 857 ad
1619 831 1676 857 re-

183 887 420 930 stitutionem
454 898 568 940 4100
594 884 838 942 florenorum
874 887 1075 929 Benedicta
1095 888 1139 929 dc
1167 887 1324 937 Bardis,
1358 888 1562 929 mercatori
1585 886 1677 928 Flo-

185 958 352 1009 νεηΐίηο,
383 955 610 1006 debitorum,
646 964 798 1010 cogant.

1019 1028 1174 1078 Romae,
1214 1040 1266 1082 30
1301 1027 1455 1084 Aprilis
1490 1040 1615 1082 1401.

271 1120 509 1164 Bonifacius
535 1132 612 1164 etc.
644 1121 815 1163 Dilectis
842 1121 938 1163 filiis
969 1123 1230 1178 ..preposito
1257 1133 1296 1164 et
1325 1156 1357 1164 ..
1377 1122 1534 1164 cantori
1553 1121 1677 1163 XVra-

182 1192 432 1235 tislaviensis
459 1207 554 1234 ac..
587 1191 744 1235 decano
778 1192 1080 1235 Premislicnsis
1107 1193 1375 1235 ecclesiarum
1401 1192 1574 1234 salutem
1599 1202 1675 1234 etc.

184 1262 296 1306 Cum
339 1278 502 1320 semper
543 1262 716 1306 dilectus
763 1262 872 1305 filius
917 1262 1160 1306 Benedictus
1192 1263 1242 1306 de
1277 1263 1436 1316 Bardis‚
1468 1274 1676 1305 mercator

185 1333 464 1386 Florentinus,
502 1334 544 1376 in
579 1334 768 1378 Romana
817 1335 926 1376 curia
970 1349 1256 1387 commorans,
1299 1332 1522 1376 venerabili
1564 1332 1676 1376 fratri

182 1416 327 1447 nostro
360 1404 572 1453 Conrado,
617 1405 927 1462 archiepiscopo
970 1405 1220 1457 Nicosiensi,
1259 1405 1487 1447 camerario
1530 1415 1676 1446 nostro

183 1487 298 1531 4100
330 1475 422 1518 flor.
456 1476 545 1518 auri
577 1474 626 1518 de
655 1491 818 1518 camera
840 1474 936 1518 boni
961 1487 1000 1518 et
1022 1477 1117 1518 iusti
1141 1475 1336 1532 ponderis
1359 1490 1434 1532 pro
1462 1474 1676 1526 fructibus,

181 1545 406 1589 redditibus
449 1558 488 1589 et
530 1546 799 1603 proventibus
842 1547 1013 1589 ecclesie
1059 1546 1432 1598 XVladislaviensis,
1465 1557 1562 1588 tunc
1607 1560 1678 1603 per

184 1615 345 1660 obitum
379 1616 487 1660 bone
513 1617 717 1659 memorie
751 1617 932 1669 Henrici,
961 1618 1139 1673 episcopi
1172 1616 1542 1668 Wladislaviensis,
1565 1627 1677 1659 extra

184 1687 421 1731 Romanam
454 1688 611 1730 curiam
650 1686 847 1740 defuncti,
881 1699 1043 1744 pastore
1086 1688 1276 1739 carentis,
1316 1688 1426 1729 iuxta
1470 1686 1676 1744 quandam

183 1758 489 1802 ordinationem
523 1773 593 1815 per
626 1774 703 1801 nos
735 1758 894 1801 dudum
914 1757 1077 1810 factam,
1106 1773 1176 1814 per
1197 1773 1322 1815 quam
1347 1769 1481 1801 certos
1506 1757 1677 1809 fructus,

183 1828 365 1873 redditus
396 1842 437 1873 et
468 1841 694 1886 proventus
739 1830 931 1871 omnium
970 1829 1236 1871 ecclesiarum
1281 1827 1581 1870 cathedralium
1630 1844 1678 1870 ex

183 1911 281 1943 tunc
313 1901 474 1943 inantea
506 1911 794 1942 vacaturarum
830 1900 1132 1942 reservavimus
1166 1898 1286 1942 nobis
1319 1910 1357 1942 et
1389 1914 1552 1941 camere
1579 1914 1678 1956 apo-

184 1970 341 2023 stolice,
372 1969 533 2023 debitis,
575 1970 624 2013 ad
669 1970 905 2012 instantiam
955 1969 1200 2012 venerabilis
1252 1968 1387 2011 fratris
1430 1970 1562 2011 nostri
1605 1969 1680 2012 Ni-

183 2042 288 2085 colai
331 2041 704 2092 Wladislaviensis,
749 2052 846 2083 tunc
890 2042 1184 2083 Poznaniensis
1228 2041 1424 2097 episcopi,
1466 2040 1515 2082 de
1563 2041 1678 2082 cuius

183 2128 360 2170 persona
401 2113 509 2156 dicte
541 2113 712 2156 ecclesie
749 2124 861 2165 tunc,
895 2123 937 2154 ut
970 2111 1186 2169 prefertur,
1219 2123 1383 2168 pastore
1428 2112 1596 2164 carenti,
1629 2110 1679 2153 de

185 2183 359 2227 fratrum
390 2195 631 2227 nostrorum
675 2183 853 2226 consilio
885 2198 1015 2240 nuper
1048 2184 1170 2225 etiam
1208 2182 1403 2225 duximus
1436 2183 1680 2225 auctoritate

185 2255 411 2312 apostolica
451 2253 771 2313 providendum,
805 2270 876 2297 seu
919 2253 1054 2296 dilecti
1100 2254 1172 2296 filii
1215 2254 1376 2297 Nicolai
1411 2254 1677 2306 Panesconis‚

186 2326 391 2369 scolastici
417 2326 589 2369 ecclesie
622 2326 929 2375 Cracoviensis,
956 2324 1141 2367 eiusdem
1175 2324 1336 2367 Nicolai
1370 2324 1551 2380 episcopi
1579 2339 1677 2381 pro—

185 2399 401 2451 curatoris,
441 2399 481 2441 in
526 2409 740 2440 numerata
788 2398 958 2454 pecunia
1007 2396 1276 2438 effectualiter
1319 2394 1478 2438 duxerit
1522 2395 1680 2451 persol-

185 2469 357 2520 vendos,
389 2484 467 2512 nos
510 2469 796 2526 indempnitati
839 2468 936 2511 dicti
982 2467 1206 2520 Benedicti,
1245 2478 1368 2524 prout
1411 2478 1472 2508 est
1514 2466 1678 2519 decens,

185 2539 402 2596 providere
434 2540 636 2592 volentes,
671 2539 747 2582 sibi
782 2538 1019 2581 huiusmodi
1053 2551 1167 2593 4100
1200 2537 1291 2580 flor.
1331 2548 1416 2579 tam
1449 2552 1469 2578 a
1503 2536 1679 2579 Nicolao

184 2611 380 2668 episcopo
412 2625 483 2653 seu
516 2611 694 2654 Nicolao
728 2610 979 2653 Panesconis
1026 2620 1293 2666 procuratore
1339 2607 1520 2665 prefatis,
1552 2623 1678 2664 quam

186 2681 284 2724 alias
316 2680 365 2724 ab
397 2683 593 2739 episcopo
629 2681 978 2731 Wladislaviensi,
1013 2695 1087 2737 pro
1129 2691 1317 2737 tempore
1349 2680 1563 2730 existente,
1596 2679 1681 2720 exi-

186 2751 309 2809 gendi
342 2768 387 2796 ac
419 2754 532 2810 ipsos
554 2751 601 2796 ad
627 2751 865 2795 huiusmodi
894 2751 1146 2794 solutionem
1170 2748 1445 2807 compellendi
1469 2765 1540 2792 seu
1564 2764 1682 2792 com-

188 2823 283 2880 pelli
326 2822 514 2876 faciendi,
556 2823 721 2880 plenam
753 2834 791 2865 et
824 2820 994 2864 liberam
1030 2836 1101 2878 per
1133 2820 1330 2878 quasdam
1375 2831 1536 2862 nostras
1581 2820 1680 2862 certi

187 2895 344 2937 tenoris
387 2895 542 2937 litteras
586 2893 873 2937 concessimus
917 2891 1166 2944 facultatem,
1208 2903 1261 2943 ct,
1295 2892 1399 2933 sicut
1432 2891 1681 2947 accepimus,
