2201 3554
1094 325 1145 328 —
1183 311 1249 340 xvl
1283 323 1339 329 —

475 414 629 465 niensis,
657 422 798 456 certam
833 427 1023 455 summam
1062 412 1319 469 pecuniarum
1355 418 1430 467 pro
1461 424 1528 452 suo
1567 410 1761 452 communi
1802 409 1957 452 servitio

471 492 540 541 per
572 499 712 526 manns
744 483 930 526 Iohannis
961 482 1006 525 de
1039 482 1204 525 Medicis
1234 481 1362 533 solvit,
1392 490 1435 539 p.
1465 483 1526 532 18,
1561 495 1623 523 nr.
1651 494 1721 536 27.

567 558 677 598 1415
709 554 938 612 Septembris
960 557 1013 597 28
1040 554 1250 597 Bononiae.
1285 553 1478 595 Iohannes
1496 560 1562 609 pp.
1586 552 1735 595 XXIII
1755 551 1956 603 Conrado,

473 626 615 668 decano
647 625 978 674 II'ratisIaviensi,
1015 623 1192 675 mandat,
1218 632 1406 681 qnatenus
1428 621 1684 666 Franciscnm
1713 622 1864 674 Floser,
1893 637 1959 665 ca-

474 698 654 739 nonicnin.
676 695 1055 746 Il‘'ratislaviensem,
1085 709 1213 738 omnes
1239 696 1498 752 pecuniarum
1523 709 1713 745 summas,
1735 701 1806 751 per
1832 694 1959 751 ipsum

468 776 553 824 post
585 767 727 810 obitum
767 766 976 809 collectoris
1011 780 1204 817 camerae,
1237 765 1392 820 Mazzei
1424 764 1469 807 de
1503 764 1738 816 Lambertis,
1774 771 1956 821 receptas,

473 837 525 879 ad
567 837 844 894 assignandum
888 836 1043 879 Albicio
1086 835 1244 879 Calenti
1287 835 1331 878 de
1364 835 1543 888 Medicis,
1577 836 1730 878 nomine
1763 849 1956 887 camerae,

472 916 594 963 cogat,
618 917 659 965 p.
697 922 845 963 94-95‚
880 923 942 949 nr.
977 910 1045 950 88.

566 982 675 1021 1416
707 978 933 1021 Decembris
964 992 1013 1020 22
1051 977 1316 1021 Constantine.
1350 976 1552 1029 Athenas,
1588 978 1784 1035 episcopus
1815 976 1958 1020 Craco·

470 1050 625 1100 viensis,
649 1049 850 1092 servitium
869 1056 939 1106 per
964 1064 1103 1092 manus
1127 1037 1422 1091 Bar-tholomaei
1441 1047 1485 1090 de
1507 1047 1651 1090 Bardis
1677 1047 1806 1099 solvit,
1826 1055 1868 1105 p.
1893 1049 1956 1100 18,

472 1135 533 1162 nr.
562 1123 628 1163 28.

564 1192 674 1232 1418
706 1189 860 1246 Aprilis
886 1204 936 1245 24
968 1189 1233 1233 Constantiae.
1262 1188 1466 1232 Borislans
1489 1189 1654 1232 Antonii
1675 1188 1719 1231 de
1742 1187 1956 1240 Pilchouv,

470 1261 637 1303 decanus
668 1261 872 1312 Plocensis,
908 1270 1101 1304 annatam
1122 1269 1192 1319 per
1214 1275 1355 1303 manus
1377 1259 1581 1303 Francisci
1602 1259 1646 1302 de
1669 1258 1844 1302 Bo5culis
1866 1258 1958 1302 Flo-

470 1332 612 1374 rentini
642 1331 770 1382 solvit,
800 1339 842 1388 p.
871 1334 1020 1383 [8-20,
1049 1347 1110 1374 nr.
1139 1345 1208 1386 29.

563 1404 672 1444 1419
705 1401 812 1444 Innii
843 1415 887 1456 25
923 1401 1156 1445 Cracoviae.
1190 1401 1404 1444 Fideiussio
1443 1410 1516 1459 pro
1550 1401 1702 1444 Isidoro
1739 1400 1784 1443 de
1817 1401 1958 1444 Anono

471 1472 772 1522 Mediolanensi,
801 1481 842 1530 p.
870 1486 939 1524 20,
969 1487 1028 1514 nr.
1053 1487 1120 1528 50.
1231 1512 1234 1514 .

562 1546 672 1585 1419
704 1543 942 1586 Novembris
974 1547 1021 1587 18
1059 1543 1290 1586 Cracoviae.
1326 1543 1540 1586 Fideiussio
1562 1543 1711 1586 Albicii
1730 1542 1862 1586 Italici
1881 1550 1957 1600 pro

469 1615 640 1657 Antonio
673 1613 779 1656 Tron
812 1613 964 1665 Italico,
993 1623 1035 1671 p.
1064 1628 1132 1666 20,
1169 1630 1230 1656 nr.
1254 1629 1312 1671 31.

561 1688 671 1727 1419
704 1685 928 1727 Decembris
962 1699 1013 1728 20
1045 1685 1281 1728 Florentiae.
1306 1685 1540 1737 Lndovicus,
1563 1684 1780 1736 francisci,
1805 1683 1957 1727 archie-

463 1756 609 1814 piscopi
641 1755 927 1808 Narbonensis,
957 1756 1104 1798 domini
1130 1764 1260 1813 papae
1292 1757 1517 1807 camerarii,
1544 1755 1816 1806 Iocnintenens,
1842 1754 1956 1797 Petro

468 1827 511 1869 de
532 1826 748 1884 ltfulsram,
768 1827 808 1868 in
826 1841 940 1882 regno
960 1826 1144 1869 PoIoniae
1167 1825 1374 1878 collectori,
1393 1826 1570 1878 mandat,
1586 1834 1775 1883 quatenns
1786 1823 1959 1868 Iohanni

467 1897 511 1939 de
535 1897 698 1940 Medicis
725 1911 833 1940 1000
853 1895 948 1954 flor.
976 1896 1020 1939 de
1043 1896 1298 1954 proventibus
1325 1896 1563 1939 collectoriae
1590 1897 1787 1953 assignari
1808 1895 1954 1953 faciat,

461 1977 503 2026 p.
525 1982 586 2019 21,
615 1984 677 2010 nr.
701 1982 764 2023 32.

555 2037 676 2098 [Ante
712 2037 855 2096 1421].
891 2039 1107 2096 Recognitio
1145 2039 1247 2081 Petri
1279 2039 1470 2082 Bicarani
1501 2048 1617 2097 snper
1648 2047 1781 2082 tenuta
1810 2046 1957 2097 suppa-

467 2126 569 2161 rmn,
594 2119 631 2167 p.
656 2123 802 2165 21-24‚
832 2125 892 2152 nr.
915 2124 975 2166 53.
1858 2131 1861 2133 -

557 2184 661 2223 1421
703 2179 883 2223 Octobris
905 2194 973 2235 29.
997 2180 1142 2223 Soliitio
1165 2182 1315 2224 servitii
1337 2181 1499 2238 episcopi
1521 2179 1864 2223 lVratisIa-viensis
1880 2188 1955 2238 per

467 2268 606 2295 manus
637 2251 770 2295 Iacobi
802 2251 845 2294 de
878 2252 1136 2303 Paravesino,
1167 2260 1208 2308 p.
1232 2265 1299 2307 24,
1328 2267 1389 2294 nr.
1413 2267 1478 2308 34.

558 2326 661 2366 1421
701 2322 938 2365 Novembris
969 2336 1020 2378 24
1054 2323 1213 2366 Romae.
1248 2322 1391 2365 Salvus
1418 2322 1623 2365 conductus
1644 2330 1719 2379 pro
1742 2321 1883 2365 Iacobo
1910 2321 1954 2364 de.

466 2394 733 2446 Paravesinis‚
767 2394 900 2436 nuntio
942 2393 1117 2436 Martini
1150 2401 1218 2450 pp.
1257 2393 1295 2434 V
1333 2394 1370 2435 in
1407 2392 1613 2435 Poloniam
1657 2393 1775 2444 eunti,
1812 2400 1855 2450 p.
1889 2405 1953 2448 95,

466 2480 528 2508 nr.
563 2468 632 2521 89.

560 2538 669 2578 1422
703 2534 855 2592 Aprilis
887 2548 931 2590 25
973 2534 1205 2577 Cracoviae.
1241 2536 1434 2577 Antonius
1476 2534 1520 2577 de
1561 2535 1729 2577 Venetiis
1756 2535 1951 2592 promittit

465 2615 606 2664 parere
640 2607 732 2658 iuri,
762 2614 803 2664 p.
838 2620 904 2662 24,
940 2621 1001 2648 nr.
1031 2620 1088 2661 35.

560 2679 669 2719 1423
704 2677 889 2719 Ianuarii
915 2691 966 2733 30
999 2676 1179 2719 Venetiis.
1205 2675 1366 2718 Senatus
1393 2677 1409 2717 I
1417 2677 1557 2719 'enetns
1580 2675 1758 2728 mandat,
1783 2683 1823 2718 nt
1845 2670 1967 2718 carn-⁷

470 2747 574 2790 binni
611 2747 800 2790 Guilelmi
833 2747 1012 2791 Rnninzel
1043 2747 1235 2799 solvatur,
1264 2755 1305 2804 p.
1340 2761 1399 2802 25,
1435 2763 1496 2789 nr.
1526 2749 1591 2804 36.

564 2820 672 2861 1423
705 2818 812 2860 Maii
844 2833 882 2874 15
920 2818 1151 2861 Cmcoviae.
1186 2817 1399 2861 Fideiussio
1435 2819 1582 2862 Albicii
1615 2818 1746 2862 Italici
1764 2826 1841 2876 pro
1867 2819 1952 2861 An-

471 2891 573 2933 tonio
609 2889 759 2942 Italico,
789 2898 830 2946 p.
865 2904 925 2945 25,
961 2905 1020 2931 nr.
1051 2903 1116 2945 37.
