2201 3554
894 309 938 350 s3

260 411 330 452 65.
363 408 585 465 Recognitio
606 407 838 450 Hieronimi
858 407 1101 461 Prohcstain,
1118 411 1288 452 cantoris
1309 409 1480 452 ecclesiae
1501 418 1658 453 sanctae

146 494 151 502 ·
173 477 313 522 Crucis
341 477 692 531 H⁷ratislavicnsis,
713 479 754 520 in
781 493 897 521 causa
924 478 1090 521 Nicolai
1123 479 1159 521 V
1157 480 1241 536 agii
1271 488 1405 523 conlra
1438 480 1654 523 Iohannem

169 549 285 594 ΒανιΙιτ
314 557 348 593 ct
379 550 417 593 V
414 549 629 593 enceslaum.
655 548 708 600 ‚ob
735 564 872 592 merces
896 549 944 592 ab
970 550 1060 607 ipsis
1087 549 1124 592 V
1122 551 1264 593 enctias
1292 566 1368 594 non
1394 551 1596 595 adductas.

955 663 1137 716 Vmetz'is,
1171 676 1222 718 13
1258 664 1405 706 Martii
1440 677 1566 719 1431.

262 771 386 814 1431,
407 757 474 801 die
501 771 545 813 13
573 757 729 800 mensis
752 757 905 800 Martii.
928 756 992 800 Ad
1010 758 1247 800 instantiam
1273 759 1428 815 egregii
1447 770 1485 800 et
1503 759 1656 801 utrius-

166 845 246 888 que
267 830 366 873 iuris
387 827 572 872 doctoris
592 828 753 871 domini
777 828 908 870 Marci
932 829 1039 881 Zazi,
1060 830 1340 887 procuratoris
1367 844 1432 872 ser
1459 829 1653 872 Iohannis

166 900 349 943 Bancho.
371 898 631 942 Venerabilis
651 899 715 941 vir
742 897 942 955 presbiter
964 899 1196 942 Ieronimus
1229 899 1486 952 Probestain,
1510 911 1654 943 cantor

164 971 362 1014 ecclesiae
392 982 530 1014 sancte
563 971 711 1014 Crucis
744 971 998 1024 Bratislavie‚
1015 972 1130 1014 testis
1153 971 1377 1028 productus
1397 983 1474 1014 etc.
1507 970 1653 1014 testifi-

164 1041 298 1085 cando
317 1041 433 1094 dixit,
445 1040 556 1099 quod
569 1041 634 1084 die
656 1040 821 1084 Sabbati
846 1055 892 1097 17
913 1043 1069 1084 mensis
1086 1040 1296 1085 Februarii
1314 1043 1512 1084 existente
1529 1050 1541 1070 ¹
1561 1043 1651 1100 ipso

162 1124 266 1156 teste
298 1113 340 1156 in
371 1112 689 1170 Norimbergo²
723 1113 881 1156 audivit
913 1129 976 1156 ser
1008 1113 1261 1156 Nicholaum
1289 1113 1409 1157 Vadii
1442 1125 1650 1171 petentem

161 1183 318 1240 aliquas
360 1198 426 1226 res
468 1198 532 1226 ser
565 1183 771 1235 Vincilao,
805 1198 1043 1240 cognomen
1085 1185 1262 1240 ignorat,
1295 1195 1334 1226 et
1380 1199 1443 1226 ser
1477 1184 1650 1227 Iohanni

161 1253 344 1297 Bancho.
390 1253 479 1308 Qui
521 1253 816 1312 respondentes
858 1254 1050 1297 dixerunt
1095 1254 1252 1312 prefato
1284 1254 1506 1308 Nicholao,
1538 1255 1648 1312 quod

95 1361 100 1364 .
159 1323 327 1369 deberet
357 1326 458 1383 ipsis
490 1325 621 1368 facere
654 1326 889 1368 cautionem
924 1341 995 1368 seu
1024 1326 1300 1378 securitatem,
1322 1325 1433 1383 quod
1461 1326 1546 1369 ullo
1573 1342 1650 1368 un-

157 1412 285 1455 quam
315 1407 504 1455 tempore
535 1396 642 1440 dicte
676 1411 739 1440 res
772 1396 950 1453 amplius
983 1396 1057 1439 sibi
1091 1408 1326 1454 peterentur
1358 1396 1407 1439 ab
1440 1397 1577 1455 aliquo
1609 1409 1648 1440 et

157 1467 269 1527 quod
300 1469 378 1526 ipsi
410 1467 513 1511 facta
546 1469 735 1511 cautione
762 1467 904 1511 darent
931 1467 1007 1511 sibi
1028 1469 1118 1511 illas
1147 1467 1432 1512 libentissime.
1461 1469 1549 1522 Qui
1571 1469 1649 1512 Ni-

157 1540 299 1583 colaus
321 1539 545 1598 respondit,
568 1538 679 1598 quod
702 1551 786 1582 erat
809 1538 862 1582 ibi
889 1539 1065 1582 forensis
1088 1552 1126 1582 et
1145 1556 1230 1583 non
1253 1539 1426 1584 habebat
1451 1540 1646 1598 aliquem,

156 1613 227 1670 qui
259 1627 335 1670 pro
365 1613 457 1670 ipso
488 1611 743 1665 fideiuberet,
777 1611 845 1654 sed
875 1613 907 1654 si
935 1613 1122 1654 Venetiis
1150 1627 1300 1664 essem,
1323 1611 1518 1655 haberem
1545 1612 1646 1655 fide-

155 1684 353 1736 iussores,
374 1684 443 1741 qui
466 1682 736 1727 fideiuberent
759 1698 833 1740 pro
857 1698 938 1736 me,
961 1683 1338 1736 Norimberienses,
1362 1683 1425 1725 vel
1450 1682 1644 1737 facerem,

154 1753 266 1813 quod
283 1754 478 1798 'Michael
512 1753 720 1806 Iohannis,
748 1755 865 1796 cuius
897 1753 1107 1796 dicebatur
1142 1753 1229 1796 fore
1255 1752 1384 1796 dictas
1412 1768 1491 1807 res,
1519 1753 1644 1797 scribi

155 1825 306 1870 faceret
347 1837 468 1884 atque
499 1824 554 1868 ibi
586 1826 628 1868 in
661 1824 978 1882 Norimbergo²
1012 1824 1126 1868 daret
1168 1824 1447 1868 fideiussores.
1492 1825 1543 1869 Et
1584 1827 1642 1868 sic

153 1896 298 1955 prefati
319 1897 562 1950 Nicholaus,
585 1896 823 1939 Vincislaus
851 1907 889 1938 et
911 1895 1117 1938 Iohannes
1144 1895 1313 1938 Bancho
1347 1894 1512 1938 fuerunt
1544 1910 1644 1938 con-

152 1969 268 2022 tenti,
300 1967 410 2026 quod
443 1969 485 2011 in
518 1982 629 2020 casu,
662 1982 745 2025 quo
778 1966 833 2010 ibi
866 1968 907 2009 in
939 1967 1224 2024 Norimbergo
1257 1965 1452 2009 haberent
1477 1966 1644 2010 fideius-

152 2053 269 2082 sores
289 2053 366 2097 pro
387 2037 506 2082 dictis
530 2038 666 2092 rebus,
688 2037 798 2096 quod
822 2049 919 2081 tunc
942 2037 1086 2081 darent
1113 2037 1365 2095 supradictas
1393 2053 1457 2080 res
1483 2037 1641 2095 prefato

151 2125 217 2154 ser
242 2109 449 2155 Nicholao
482 2109 544 2153 vel
577 2110 658 2152 alio
691 2110 863 2152 nomine
895 2108 992 2152 dicti
1021 2124 1084 2152 ser
1111 2108 1328 2152 Michaelis
1354 2108 1564 2152 Iohannis.

244 2211 415 2255 Venetiis,
430 2212 578 2246 Arch.di
589 2211 700 2254 Stato,
714 2211 817 2246 Giud.
833 2212 865 2245 d.
881 2211 986 2246 Petiz.
1002 2210 1177 2245 Estraord.
1193 2212 1273 2246 nod.
1286 2212 1385 2246 busta
1399 2211 1479 2257 908,
1496 2210 1576 2246 fasc.
1588 2222 1639 2254 10,

150 2271 172 2306 f.
196 2280 265 2318 19v.
286 2292 331 2297 —
359 2271 420 2305 Ed.
442 2271 665 2313 Simousfeld,
687 2271 712 2312 I,
738 2283 768 2317 p.
795 2281 869 2317 197,
891 2283 942 2304 nr.
970 2269 1045 2314 368.

237 2427 306 2469 66.
340 2425 561 2482 Recognitio
595 2423 804 2467 Laurentii
838 2423 1013 2482 Grulug,
1051 2423 1264 2481 beneficiati
1302 2427 1478 2483 perpetui
1517 2425 1638 2468 lVra-

148 2495 394 2550 tislaviensis,
409 2498 449 2538 in
471 2510 589 2538 causa
613 2497 796 2538 mercium
814 2510 838 2538 a
851 2495 1026 2538 Iohanne
1041 2495 1154 2537 Banl:
1175 2504 1211 2538 et
1233 2495 1437 2539 Venceslao
1459 2497 1495 2538 V
1492 2499 1636 2540 auctius

146 2567 484 2611 adducendarmn.

931 2626 1110 2678 Venetiis‚
1149 2639 1201 2681 13
1237 2627 1384 2670 Martii
1418 2641 1545 2683 1431.

235 2721 315 2764 Die
348 2735 393 2777 13
430 2722 586 2764 mensis
613 2721 766 2763 Martii.
811 2721 893 2762 Pro
937 2719 1100 2762 eodem.
1140 2719 1399 2763 Venerabilis
1440 2722 1502 2764 vir
1545 2737 1633 2778 pre-

146 2792 273 2836 sbiter
313 2793 558 2836 Laurentius
607 2793 784 2849 Grulug,
826 2791 1093 2834 beneficiatus
1134 2803 1355 2849 perpetuus
1389 2793 1428 2834 in
1462 2793 1634 2836 ecclesia

242 2917 252 2935 ¹
281 2910 358 2945 MS.
384 2919 476 2946 ente.
573 2917 587 2934 ²
617 2910 690 2944 MS.
719 2910 962 2955 Horimbergo.
