2201 3554
649 876 1244 931 INTRODUCTIO

287 1151 377 1195 Iam
410 1151 652 1210 temporibus,
687 1152 826 1210 quibus
855 1151 1003 1196 Christi
1028 1153 1205 1196 doctrina
1240 1155 1279 1197 in
1314 1154 1482 1197 Polonia
1513 1157 1689 1213 cognosci

195 1241 228 1276 et
254 1233 455 1292 divulgari
479 1243 662 1293 coeperat,
694 1236 966 1278 consuetudine
987 1237 1158 1293 quadam
1182 1245 1214 1280 et
1234 1238 1409 1280 societate
1429 1237 1572 1281 Poloni
1597 1253 1685 1281 cum

195 1316 311 1361 Italis
331 1317 692 1375 coniungebantur;
716 1333 763 1360 ex
789 1318 911 1362 Italia
933 1320 1035 1361 euim
1061 1320 1237 1376 migrant
1262 1321 1303 1363 in
1330 1320 1538 1364 Poloniam
1560 1322 1686 1379 primi

193 1401 354 1458 episcopi
379 1408 411 1443 et
440 1400 631 1444 monachi.
656 1401 770 1456 Quae
797 1409 926 1444 tamen
959 1401 1229 1445 chronicorum
1255 1404 1456 1460 scriptores
1481 1403 1525 1446 de
1551 1403 1683 1456 Italis,

194 1498 338 1542 magno
371 1499 530 1527 numero
562 1485 641 1527 iam
668 1485 951 1542 antiquissimis
985 1485 1216 1543 temporibus
1247 1486 1289 1528 in
1316 1486 1579 1529 Lithuaniam
1608 1488 1683 1529 mi-

190 1566 412 1624 grantibus,
442 1567 487 1610 de
530 1568 699 1610 nominis
741 1567 959 1611 Lithuania
1001 1570 1149 1625 origine
1189 1568 1238 1611 ab
1271 1568 1407 1621 Italia,
1444 1570 1626 1614 Romowe
1655 1585 1680 1613 a

191 1649 330 1702 Roma,
351 1649 516 1692 Libawa
534 1664 559 1692 a
576 1649 733 1702 Libone,
755 1649 977 1694 colonorum
1001 1651 1109 1704 duce,
1131 1651 1331 1708 repetenda
1353 1661 1534 1703 narrant,
1556 1654 1680 1710 inepto

190 1733 377 1775 imitandi
407 1733 533 1776 studio
567 1734 857 1784 narrationum,
893 1748 990 1791 quas
1012 1734 1152 1776 Livius
1178 1734 1222 1776 de
1247 1736 1379 1776 Aenea
1422 1733 1680 1792 Troianisque

190 1817 233 1858 in
255 1815 418 1858 Italiam
442 1815 681 1859 venientibus
700 1815 865 1873 profert,
891 1816 1049 1858 inventa
1066 1824 1169 1858 sunt.
1187 1825 1197 1842 ¹
1231 1816 1334 1860 Cum
1357 1817 1536 1875 episcopis
1558 1817 1681 1860 clerus

190 1900 316 1941 omnis
344 1900 506 1956 generis,
536 1898 689 1956 famuli
718 1899 1018 1958 familiaresque
1051 1900 1227 1952 veniunt,
1260 1900 1365 1943 brevi
1394 1908 1523 1958 postea
1555 1901 1681 1944 coloni

187 1981 306 2023 etiam
335 1988 371 2023 et
392 1980 508 2038 fabri
530 1982 650 2033 varii,
681 1983 749 2039 qui
779 1980 950 2024 advenae
983 1989 1135 2024 nostrae
1162 1989 1284 2024 terrae
1309 1980 1511 2038 fossilium
1543 1985 1680 2039 gravi-

189 2072 304 2108 tatem
325 2065 567 2122 pretiumque
588 2073 821 2122 cognoscunt
845 2073 878 2107 et
901 2079 982 2107 una
1007 2079 1096 2107 cum
1125 2064 1351 2116 Germanis,
1375 2066 1430 2107 rei
1462 2065 1676 2109 metallicae

182 2147 332 2205 peritis,
358 2148 481 2204 primi
502 2155 594 2190 sunt
616 2146 783 2204 fossores
815 2148 855 2189 in
888 2145 1068 2189 Polonia.
1103 2146 1173 2188 Ad
1204 2162 1282 2189 rem
1318 2147 1419 2189 lianc
1451 2155 1579 2189 tamen
1616 2149 1677 2190 iu—

185 2229 457 2287 vestigandam
483 2228 617 2272 desunt
639 2228 771 2286 plures
789 2228 932 2285 fontes.

277 2313 482 2358 Gravioris
505 2314 689 2357 momenti
711 2315 893 2367 rationes,
913 2313 968 2356 ad
987 2322 1249 2356 mercaturam
1278 2313 1378 2356 inter
1402 2312 1610 2356 Poloniam
1642 2320 1672 2355 et

186 2395 350 2440 Italiam
383 2404 603 2454 spectantes,
638 2394 914 2454 posterioribus
951 2394 1182 2452 temporibus
1218 2395 1475 2452 incipiuntur.
1528 2393 1675 2436 Curiae

182 2478 409 2536 apostolicae
440 2479 546 2522 iussu
578 2479 739 2521 visitant
768 2477 877 2520 urbes
903 2485 934 2520 et
959 2486 1088 2534 gentes
1110 2476 1280 2520 Polonas
1308 2477 1576 2533 magistratus,
1597 2475 1674 2518 col-

183 2559 334 2604 lectores
366 2561 573 2612 nominati‚
608 2575 633 2603 a
664 2560 802 2618 quibus
830 2560 1016 2618 pecuniae
1048 2559 1108 2602 hic
1139 2558 1312 2602 collectae
1344 2567 1414 2601 aut
1445 2559 1486 2601 in
1519 2559 1669 2600 curiam

182 2643 404 2688 Romanam
438 2646 690 2687 mittebantur
720 2652 791 2686 aut
831 2644 1008 2686 Venetias
1038 2642 1098 2686 vel
1129 2643 1296 2700 Brugas,
1333 2642 1398 2685 ubi
1432 2642 1554 2685 medio
1579 2656 1671 2684 aevo

277 2805 286 2824 ¹
313 2799 556 2846 Stryjkowski‚
574 2799 801 2845 Kojalowicz,
827 2798 1047 2844 Guagninus,
1073 2809 1211 2844 quorum
1239 2798 1436 2843 scriptorum
1460 2797 1669 2829 narrationes

179 2858 306 2893 saeculo
328 2867 406 2893 XVI
423 2863 556 2893 exeunte
583 2860 732 2892 inventas
757 2859 902 2904 sequitur
923 2858 966 2892 de
991 2857 1181 2903 Daugnon,
1211 2855 1268 2890 Gli
1295 2856 1432 2890 Italiani
1461 2855 1493 2889 in
1522 2855 1666 2888 polonia

181 2918 237 2952 dal
263 2927 300 2952 1x
326 2919 443 2952 secolo
469 2919 501 2952 al
527 2927 631 2959 xvm,
657 2918 726 2952 vol.
749 2917 775 2959 I,
810 2926 908 2962 1905,
936 2917 1004 2951 vol.
1028 2917 1070 2957 11,
1097 2926 1195 2962 1907.
