2201 3554
1128 338 1329 367 —2—

488 447 596 481 tenus
623 440 878 495 pecuniarum
911 453 1083 480 summas
1111 438 1343 480 ierolonia
1371 437 1542 480 collectas
1569 436 1738 478 Iohanm
1768 435 1972 477 mercatori

488 509 647 551 Lucano
679 510 722 551 llt'
753 510 924 551 socictate
957 508 1245 550 Bartholomaci
1287 509 1434 550 Tum-ln·
1464 509 1673 562 assignent.

1203 651 1358 700 Romae,
1399 666 1449 705 14
1484 648 1718 692 Novembris
1754 660 1878 702 1391.

573 755 808 798 Bonifacius
831 769 907 799 etc.
932 757 1105 798 Dilectis
1132 756 1225 798 filiis
1247 756 1435 808 Iohanni,
1458 755 1588 798 abbati
1615 754 1853 815 monasterii
1875 767 1970 795 san-

483 827 532 867 cti
568 826 760 883 Stephani
783 828 832 870 de
855 828 1057 879 Carraria,
1079 828 1235 870 ordinis
1262 829 1390 870 sancti
1419 827 1625 869 Benedicti
1653 837 1691 868 et
1720 822 1967 881 Baylardino

481 895 530 937 de
559 896 738 949 Verona,
767 899 966 940 canonico
988 899 1224 951 Vicentlno,
1248 913 1410 940 camere
1436 897 1660 954 apostolice
1682 896 1846 945 clerico,
1869 908 1967 950 apo—

481 966 623 1008 stolice
657 967 772 1010 Sedis
806 970 982 1015 nunciis,
1016 969 1188 1011 salutem
1223 981 1300 1011 etc.
1336 969 1445 1011 Cum
1478 968 1651 1010 dilectus
1686 966 1796 1008 filius
1839 966 1967 1007 Bar-

479 1035 689 1078 tholom
707 1053 798 1079 eus
847 1038 925 1080 Tu
944 1054 995 1081 rc
1013 1039 1088 1091 hi,
1134 1051 1338 1081 mercator
1382 1039 1630 1080 Lucanus
1679 1051 1754 1079 suo
1797 1035 1965 1092 proprio

479 1108 649 1149 nomine
683 1123 727 1150 ac
761 1111 931 1152 nomine
959 1109 1206 1152 dilectorum
1240 1109 1423 1152 filiorum
1457 1108 1629 1152 Landi
1662 1107 1711 1150 de
1744 1107 1966 1149 Morco-

478 1176 638 1219 nibus
670 1189 709 1220 et
742 1180 952 1221 sociorum
985 1191 1263 1223 mercatorum
1292 1181 1570 1231 Lucanorum,
1598 1193 1672 1234 pro
1698 1175 1847 1235 quibus
1873 1191 1966 1218 om-

477 1246 597 1290 nibus
629 1248 678 1291 de
711 1261 799 1291 rato
832 1261 869 1292 et
905 1250 1192 1293 ratihabitione
1225 1251 1429 1308 promisit,
1453 1266 1547 1292 cum
1582 1249 1771 1305 gentibus
1803 1261 1966 1290 camere

476 1319 699 1374 apostolice
731 1320 780 1362 de
813 1320 976 1363 cambio
1006 1333 1269 1364 monetarum
1298 1323 1581 1378 composuerit
1614 1333 1651 1363 et
1684 1319 1789 1377 apud
1822 1334 1889 1362 eas
1914 1316 1964 1360 de

477 1391 660 1445 pecuniis
693 1406 763 1447 per
796 1407 893 1434 suos
926 1394 1148 1435 consocios
1181 1393 1423 1449 recipiendis
1457 1394 1498 1435 in
1531 1392 1636 1434 dicta
1669 1406 1830 1434 camera
1864 1390 1964 1432 assi—

473 1461 647 1517 gnandis
682 1462 966 1520 sollempniter
999 1479 1041 1506 se
1075 1464 1332 1521 obligaverit,
1362 1464 1555 1507 volumus
1589 1463 1789 1519 vobisque
1821 1473 1860 1504 et
1892 1477 1963 1504 ve-

475 1542 607 1573 strum
636 1532 801 1576 cuilibet
833 1545 976 1577 tenore
1004 1536 1263 1592 presencium
1299 1536 1558 1587 mandamus,
1585 1545 1785 1592 quatenus
1812 1548 1961 1575 omnes

474 1613 512 1643 et
546 1603 726 1659 singulas
755 1605 1021 1660 pecuniarum
1050 1621 1237 1648 summas
1264 1605 1313 1648 ad
1339 1605 1489 1648 dictam
1520 1621 1729 1648 cameram
1755 1604 1962 1661 pertinen-

473 1683 533 1714 tes
575 1689 645 1729 per
676 1690 753 1716 vos
785 1686 824 1717 et
856 1676 1295 1732 quemlibetvestrum
1341 1678 1382 1719 in
1424 1693 1553 1733 regno
1586 1676 1758 1719 Polonie
1791 1687 1829 1718 et
1872 1674 1959 1717 aliis

473 1743 667 1799 partibUS,
701 1747 741 1787 in
773 1745 921 1803 quibus
965 1762 1035 1803 per
1079 1762 1155 1789 nos
1187 1747 1367 1804 deputati
1404 1750 1515 1801 estis,
1549 1764 1597 1790 ex
1629 1747 1959 1805 quibuscumque

472 1815 604 1856 causis
632 1816 882 1872 colligendas
904 1818 1218 1874 quomodolibet
1241 1830 1280 1860 et
1303 1820 1570 1876 recipiendas,
1592 1818 1743 1862 dilecto
1765 1817 1851 1861 filio
1877 1818 1959 1861 Io-

472 1884 638 1927 hanni
673 1888 857 1943 magistri
893 1887 1200 1947 Gerardi(s)
1238 1891 1458 1932 mercatori
1494 1890 1727 1942 Lucano,
1761 1890 1959 1932 consocio

470 1954 565 1998 dicti
594 1957 890 2010 Bartholomei,
919 1961 1090 2002 nomine
1123 1961 1307 2017 ipsorum
1339 1961 1469 2004 Landi
1497 1972 1535 2003 et
1568 1962 1778 2004 sociorum
1813 1971 1852 2003 et
1884 1976 1958 2017 pro

470 2026 526 2067 eis
551 2028 775 2084 recipienti,
798 2029 860 2071 vel
883 2029 995 2071 alteri
1025 2031 1087 2072 vel
1115 2031 1202 2073 aliis
1230 2047 1301 2088 per
1331 2033 1465 2088 ipsum
1489 2031 1716 2074 Iohannem
1743 2030 1958 2088 eligendis,

470 2096 734 2140 nominandis
775 2110 814 2141 et
846 2097 1102 2156 deputandis,
1129 2102 1337 2157 assignare
1371 2103 1532 2155 curetis,
1566 2103 1631 2144 cui
1669 2113 1708 2144 et
1747 2100 1895 2159 quibus
1936 2117 1957 2144 a

468 2165 589 2209 vobis
613 2168 789 2224 petendi,
811 2170 1000 2226 exigendi
1027 2182 1066 2213 et
1094 2172 1328 2229 recipiendi,
1352 2173 1542 2229 quicquid
1572 2188 1642 2230 per
1669 2187 1744 2215 vos
1770 2173 1812 2215 in
1838 2171 1956 2215 dictis

469 2251 596 2293 regno
624 2249 662 2280 et
697 2239 877 2295 partibus
910 2243 1081 2284 nomine
1107 2242 1214 2285 dicte
1240 2258 1402 2286 camere
1431 2255 1640 2301 receptum
1668 2244 1890 2286 collectum
1916 2255 1955 2286 et
1986 2283 1990 2288 .

467 2323 515 2349 ex
538 2323 779 2366 quacunque
802 2326 921 2353 causa
951 2323 1138 2355 exactum
1175 2313 1308 2365 fuerit,
1329 2314 1489 2370 plenam
1524 2326 1667 2357 tenore
1695 2315 1952 2372 presencium

467 2378 734 2421 concedimus
768 2380 1016 2424 facultatem.
1048 2383 1257 2426 Volumus
1292 2396 1444 2437 autem,
1471 2384 1580 2442 quod
1607 2385 1657 2428 de
1682 2385 1861 2442 qualibet
1892 2400 1958 2428 :ts-⁶

466 2449 695 2504 signatione
718 2465 789 2506 per
815 2467 888 2493 vos
912 2452 975 2494 vel
1004 2453 1177 2495 alterum
1202 2465 1386 2498 vestrum
1413 2456 1569 2498 eisdem
1598 2455 1730 2499 fienda
1749 2455 1832 2498 duo
1855 2471 1953 2499 con-

465 2519 528 2561 fici
566 2519 719 2563 faciatis
753 2523 983 2565 consimilia
1017 2523 1176 2580 publica
1219 2527 1507 2578 instrumenta,
1539 2542 1718 2583 quorum
1762 2542 1847 2570 uno
1878 2542 1954 2584 pro

463 2602 597 2633 vestra
630 2593 784 2635 cautela
818 2610 940 2650 penes
974 2610 1050 2637 vos
1084 2607 1241 2639 retento
1275 2597 1384 2640 aliud
1411 2598 1530 2640 dictis
1563 2598 1753 2654 gentibus
1778 2609 1953 2655 quanto-

464 2663 550 2703 cius
584 2664 746 2705 mittere
779 2666 1020 2720 procuretis.
1055 2667 1210 2709 Datum
1249 2668 1384 2711 Rome
1416 2668 1520 2725 apud
1554 2680 1742 2712 sanctum
1781 2669 1950 2712 Petrum

464 2732 605 2774 XVIII
639 2733 830 2777 kalendas
866 2736 1109 2779 Decembris
1141 2738 1405 2794 pontificatus
1438 2741 1569 2782 nostri
1602 2755 1711 2783 anno
1743 2741 1885 2783 tercio.

557 2863 640 2909 Reg.
665 2864 742 2898 vVat.
764 2875 823 2910 313
844 2866 862 2900 s.
891 2865 964 2912 199¹
987 2870 1070 2911 (ant.
1095 2868 1251 2912 CXCV).
1271 2891 1314 2894 —
1335 2870 1469 2915 Infim’:
1496 2871 1532 2905 P.
1555 2872 1596 2905 de
1616 2872 1737 2906 Bosco.
1758 2893 1804 2897 —
1822 2872 1863 2906 H.
1885 2872 1948 2907 Be.-

463 2933 602 2968 rugoys.
630 2943 675 2946 —
701 2923 752 2957 De
779 2925 882 2958 curia.
910 2946 954 2950 —
978 2926 1075 2960 Aliae
1102 2927 1228 2961 litterae
1258 2930 1291 2962 in
1321 2930 1430 2963 euclem
1461 2941 1560 2964 cansa
1588 2931 1742 2977 leguntur
1774 2933 1808 2965 in
1839 2932 1947 2966 eodem

2162 0 2201 60 ²}

2192 68 2201 102 4
