2201 3554
839 302 1075 355 ..33-

187 411 276 452 auri
317 425 392 467 pro
425 412 563 453 anima
596 427 699 454 mea.
741 411 969 454 Residuum
1010 428 1108 455 vero
1151 414 1340 455 omnium
1383 413 1557 455 aliorum
1603 412 1676 455 bo—

187 495 339 523 norum
392 496 600 534 meorum,
645 480 864 525 mobilium
913 495 952 526 et
999 483 1298 536 immobilium,
1345 483 1595 526 caducorum
1637 495 1675 525 et

187 549 534 603 inordinatorum,
577 551 706 594 michi
749 553 1146 610 quomodocumque
1188 555 1461 611 spectantium
1508 566 1546 596 et
1585 569 1675 610 per-

186 621 424 674 tinentium,
456 620 622 665 dimitto
656 625 933 681 suprascripto
966 625 1144 667 Nicolao
1179 625 1427 667 Bicliarano¹
1473 624 1598 667 libere
1635 637 1673 667 et

187 690 387 750 expedite.

284 825 452 868 Venefiis,
479 827 649 861 Archivio
687 827 720 861 di
747 827 857 867 Stato‚
882 829 954 863 Sel.
990 829 1160 869 Notarile,
1187 829 1417 864 Testamenti.
1445 851 1489 854 —
1517 830 1572 865 13².
1603 829 1677 873 364.

187 897 222 919 n.
252 885 328 930 398.
355 885 396 919 In
413 885 531 920 dorso:
558 886 826 921 Testamentum
847 888 989 922 domine
1009 888 1104 922 Bone
1123 888 1317 922 Bicharano
1336 889 1484 922 condam
1508 900 1561 922 ser
1588 889 1678 922 I'etri

187 943 314 978 Sancte
339 944 534 979 Trinitatis.

281 1119 348 1161 77.
383 1115 564 1159 Albicius
595 1115 760 1159 Italicus
793 1116 914 1160 Stant>
949 1117 1137 1160 Streicher
1169 1117 1337 1160 debitum
1374 1119 1617 1176 recognoscit.

889 1239 1112 1291 cracoviae,
1150 1254 1200 1294 23
1238 1241 1425 1283 Ianuarii
1460 1255 1585 1297 1439.

280 1350 468 1394 Albicius
485 1352 730 1409 recognovit
748 1367 790 1394 se
808 1353 937 1395 teneri
953 1353 1129 1395 domino
1147 1353 1274 1396 Stano
1292 1353 1498 1397 Streicher
1519 1367 1568 1410 57
1587 1354 1678 1397 flor.

192 1422 462 1480 Ungaricales
494 1422 536 1465 in
567 1437 691 1474 anno,
723 1438 828 1479 quos
861 1424 1052 1480 promisit
1085 1424 1246 1466 solvere
1278 1422 1324 1466 ad
1361 1423 1511 1466 festum
1554 1425 1681 1467 Pasce

191 1493 432 1550 proximum
460 1492 643 1536 futurum
678 1493 857 1546 indilate,
891 1495 932 1536 in
964 1492 1112 1551 quibus
1145 1493 1344 1551 obligavit
1375 1493 1451 1537 sibi
1485 1495 1680 1538 medieta—

190 1575 277 1608 tem
309 1563 462 1607 domus
498 1579 584 1616 sue,
619 1565 694 1607 site
727 1565 832 1607 inter
863 1564 1015 1608 domos
1047 1565 1202 1622 Ielgine
1234 1576 1273 1608 et
1315 1566 1424 1608 Petri
1466 1565 1676 1623 Edhnger,

192 1649 242 1677 ex
267 1635 461 1692 opposito
491 1634 663 1677 ecclesie
700 1634 813 1678 beate
845 1635 977 1677 Marie
1006 1635 1207 1692 Virginis,
1240 1635 1309 1677 tali
1343 1634 1471 1678 modo
1503 1647 1543 1678 et
1581 1651 1681 1678 con-

192 1705 364 1756 ditione,
397 1706 431 1748 si
462 1706 550 1762 ipse
576 1704 762 1747 Albicius
784 1705 917 1748 dictos
954 1719 1004 1761 57
1038 1705 1130 1748 flor.
1163 1721 1248 1748 non
1270 1705 1492 1748 exsolverit
1524 1706 1572 1749 ad
1600 1717 1682 1748 ter-

193 1776 356 1819 minum
388 1775 606 1834 prefixum‚
639 1787 787 1819 extunc
821 1776 932 1819 idem
965 1777 1161 1819 dominus
1194 1777 1322 1820 Stano
1359 1777 1565 1820 Streicher
1608 1793 1681 1834 po-

193 1858 272 1891 test
288 1858 328 1890 et
347 1847 469 1891 debet
491 1847 624 1890 facere
651 1863 747 1890 cum
774 1849 859 1905 ipsa
886 1847 1106 1890 medietate
1125 1847 1277 1891 domus
1299 1859 1514 1904 tamquam
1538 1849 1677 1891 onmia

193 1918 281 1961 iura
311 1917 488 1975 desuper
519 1929 657 1961 essent
688 1929 815 1975 pacta.

281 1989 383 2032 Alia
414 2005 563 2033 manu:
594 1990 699 2032 Item
733 1989 833 2032 feria
867 1991 1041 2032 crastina
1086 1990 1289 2047 Corporis
1325 1990 1481 2033 Christi
1523 1989 1682 2032 adiudi-

192 2071 332 2103 catum
358 2071 419 2103 est
451 2060 528 2103 sibi
560 2061 816 2104 investitura.
861 2061 965 2104 Item
1008 2060 1107 2103 feria
1148 2061 1190 2103 in
1222 2060 1374 2103 iudicio
1415 2076 1570 2117 magno
1603 2059 1682 2103 diei

194 2140 435 2173 sanctorum
478 2129 675 2173 Iohannis
707 2142 747 2173 et
779 2131 894 2173 Pauli
936 2129 1215 2173 adiudicatum
1247 2141 1309 2172 est
1338 2130 1514 2173 domino
1553 2130 1683 2173 Strei-

193 2199 294 2243 cher
322 2195 535 2244 evacuatio
574 2201 806 2244 medietatis
838 2201 990 2244 domus
1023 2202 1295 2258 suprascripte
1327 2202 1368 2243 in
1410 2213 1506 2244 octo
1537 2199 1682 2243 diebus

192 2270 341 2314 fienda.

287 2377 394 2412 Arch.
420 2377 514 2412 civit.
543 2377 748 2420 Cracoviae‚
775 2379 863 2412 Acta
886 2378 1074 2412 scabinalia
1106 2377 1323 2423 1419-1446‚
1351 2389 1381 2423 p.
1414 2388 1488 2421 172.

289 2495 299 2514 ¹
327 2487 392 2523 Iste
415 2489 573 2524 Nicolaus
593 2489 789 2530 fficaranus,
805 2495 900 2535 nepos
914 2489 1177 2535 Petri'snpparii
1193 2487 1432 2526 Cracowensis,
1448 2499 1599 2522 reversus
1616 2499 1680 2522 esse

193 2547 325 2582 videtur
342 2549 375 2581 in
408 2547 578 2582 Poloniam
605 2560 740 2594 eumque
765 2553 885 2594 spectat
908 2549 1079 2594 inscriptio
1098 2547 1262 2581 iudicialis
1281 2549 1439 2593 impressa
1457 2546 1545 2593 apud
1565 2547 1681 2581 Helzel

196 2606 428 2641 Starodawne
441 2619 559 2653 prawa
576 2607 755 2653 polskiego
770 2607 925 2653 pomniki
942 2607 983 2648 ΙΙ,
998 2619 1028 2652 p.
1050 2606 1126 2650 576,
1139 2618 1189 2640 nr.
1206 2606 1308 2650 3351²
1322 2617 1352 2639 a.
1369 2606 1468 2647 ¹448:
1491 2605 1684 2639 «Nicolaus

195 2665 368 2712 Pykaran,
394 2667 588 2700 tenutarius
615 2666 650 2700 in
676 2666 1089 2712 Muschyna‚contumax
1112 2666 1147 2699 in
1173 2665 1325 2699 termino
1351 2664 1464 2710 primo
1491 2672 1611 2698 contra
1631 2675 1682 2698 re-

193 2725 386 2759 verendum
413 2725 448 2759 in
475 2725 617 2759 Christo
644 2733 779 2771 patrem
805 2725 987 2758 dominum
1015 2724 1218 2769 Sbigneum‚
1244 2724 1445 2769 episcopum
1471 2722 1682 2757 Cracovien-

193 2794 281 2825 sem,
306 2783 403 2818 iuxta
427 2784 581 2818 litteram
608 2784 819 2825 citatoriam‚
852 2784 1014 2818 videlicet
1048 2795 1110 2828 pro
1144 2794 1197 2823 eo,
1230 2783 1322 2828 quod
1357 2793 1392 2816 se
1428 2782 1617 2816 intromisit
1650 2782 1684 2815 in

194 2850 348 2877 castrum
375 2842 583 2889 Muschyna,
609 2843 645 2877 in
666 2852 759 2877 terra
784 2842 1011 2877 Cracoviensi
1030 2841 1184 2888 pacifica,
1203 2850 1236 2876 et
1259 2842 1387 2887 recepit
1413 2852 1537 2875 omnes
1563 2852 1685 2875 census

195 2910 229 2936 et
256 2902 409 2937 redditus
435 2903 523 2937 sicut
550 2912 642 2937 2000
668 2914 866 2937 marcarum
893 2910 927 2937 et
953 2902 1096 2948 dampni
1123 2902 1303 2935 totidem»
