2201 3554
1227 300 1279 342 3..

598 405 666 443 46.
701 400 867 442 §malus
897 398 1151 441 Florcnlz‘nns
1181 398 1423 441 consiliarios
1456 398 1555 453 regis
1581 396 1768 439 Poloniae
1794 404 1991 454 precatur,

509 473 693 530 quatinus
726 472 764 511 in
799 484 915 512 causa
951 470 1121 512 Antonii
1150 477 1183 511 et
1215 469 1415 511 quardi
1434 469 1708 525 suppariorum
1736 467 1842 524 apud
1870 481 1995 525 regem

510 542 757 584 intercedant.

1206 598 1442 650 Florentiae,
1476 612 1499 652 7
1535 596 1744 639 Februarii
1778 609 1904 652 1427.

598 695 857 739 Consiliariis
884 694 991 751 regis
1018 693 1205 736 Polonie.
1231 691 1461 736 Reverendi
1488 693 1529 735 in
1554 691 1723 735 Christo
1750 702 1884 749 patres
1908 706 1995 734 ma—

508 767 647 823 gnifici
675 777 749 809 etc.
779 764 1008 809 Scribimus
1036 765 1303 807 serenissimo
1330 776 1368 807 et
1391 764 1667 806 invictissimo
1694 762 1868 806 domino
1890 764 1995 821 patri

508 849 547 880 et
579 837 827 880 benefactori
860 847 1004 879 nostro
1036 835 1369 893 singularissimo
1402 834 1576 879 domino
1623 833 1866 878 Vuladislao
1908 835 1996 892 regi

508 908 648 950 inclito
681 907 887 965 quandam
920 907 1100 950 litteram
1142 907 1184 949 in
1218 905 1403 949 favorem
1451 905 1714 963 quorundam
1752 916 1995 948 nostrorum

508 979 677 1031 civium,
710 979 826 1021 cuius
858 978 1025 1035 quidem
1048 978 1180 1020 littere
1208 979 1372 1035 copiam
1395 979 1436 1020 in
1462 977 1538 1020 ista
1560 977 1825 1020 includimus.
1851 977 1995 1030 Quam

508 1049 560 1091 ob
593 1064 681 1092 rem
714 1049 976 1106 paternitates
1009 1059 1047 1090 et
1079 1049 1282 1090 amicitias
1325 1058 1482 1090 vestras
1515 1063 1715 1105 magnum
1744 1049 1786 1090 in
1819 1046 1994 1090 modum

507 1135 723 1179 precamur
745 1132 784 1162 et
809 1120 1178 1163 vehementissime
1201 1134 1384 1172 oramuS‚
1413 1130 1456 1162 ut
1478 1134 1602 1177 penes
1630 1119 1889 1162 Maiestatem
1914 1118 1997 1163 Re-

506 1193 618 1248 giam
642 1191 892 1234 intercedere
915 1188 1109 1250 place[a]t
1135 1201 1174 1233 et
1199 1189 1347 1242 velitis,
1371 1201 1415 1232 ut
1440 1189 1551 1247 quod
1577 1190 1771 1246 petimus,
1789 1188 1932 1232 favore
1956 1198 1997 1231 et

507 1263 736 1319 patrocinio
762 1273 901 1305 vestro
934 1276 1252 1319 consequamur,
1286 1276 1382 1303 cum
1406 1276 1491 1303 non
1523 1260 1572 1302 ab
1595 1260 1808 1302 honestate
1835 1270 1996 1303 remote

508 1333 577 1376 sed
610 1335 714 1376 iuste
747 1345 786 1376 et
828 1349 930 1391 eque
962 1333 1180 1390 petitiones
1213 1343 1352 1375 nostre
1394 1332 1651 1389 apertissime
1684 1332 1843 1374 cunctis
1886 1341 1996 1374 recte

507 1404 758 1446 intuentibus
791 1414 1021 1460 appareant.
1055 1403 1200 1446 Relatu
1233 1404 1387 1445 etenim
1414 1402 1715 1445 nonnullorum
1747 1402 1996 1459 accepimus,
2037 1400 2045 1408 '

507 1486 705 1532 quantum
739 1476 843 1531 apud
877 1475 1149 1518 Serenitatem
1187 1474 1479 1531 gloriosissimi
1520 1471 1680 1516 domini
1713 1473 1822 1530 regis
1859 1483 1996 1516 vestre

508 1547 666 1603 possint
686 1544 970 1588 efficacissime
988 1545 1304 1588 intercessiones
1327 1555 1365 1587 et
1387 1559 1540 1601 preces.
1562 1542 1848 1587 Obsecramus
1870 1543 1995 1600 igitur

509 1617 695 1658 caritates
726 1627 883 1658 vestras
916 1617 1067 1658 iterum
1099 1626 1219 1673 atque
1246 1616 1395 1657 iterum
1429 1614 1714 1671 deprecamur,
1741 1625 1785 1656 ut
1810 1614 1885 1658 hec
1908 1624 1994 1657 tam

507 1688 732 1730 iustissima
751 1702 871 1729 causa
889 1687 1077 1744 equitatis
1099 1686 1449 1743 contemplatione
1470 1697 1509 1728 et
1526 1701 1668 1728 amore
1690 1695 1835 1728 nostro
1858 1683 1995 1727 favere

508 1758 662 1815 placeat
684 1769 723 1801 et
748 1769 971 1815 oportunas
992 1756 1183 1800 adhibere
1210 1772 1364 1815 preces,
1387 1768 1431 1799 ut
1458 1755 1568 1814 quod
1592 1757 1784 1813 cupimus
1807 1754 1855 1799 ad
1879 1755 1995 1813 opta—

508 1840 596 1871 tum
639 1828 910 1885 perducamus
929 1829 938 1846 ¹
969 1827 1179 1880 effectum,
1213 1826 1253 1870 id
1285 1826 1478 1884 equidem
1516 1843 1537 1869 a
1567 1825 1923 1870 dominationibus
1955 1835 1996 1869 et

507 1900 697 1942 amicitiis
729 1901 876 1942 vestris
907 1900 1194 1956 gratissimum
1223 1899 1460 1956 reputaturi.
1494 1899 1648 1940 Datum
1688 1897 1897 1941 Florentie
1928 1895 1995 1940 die

507 1985 531 2027 7
568 1971 778 2014 Februarii
818 1972 974 2026 14:26²

600 2055 806 2097 Florentiae,
828 2055 995 2089 Archivio
1015 2054 1048 2088 di
1063 2054 1173 2097 Stato,
1192 2054 1364 2100 Signoria,
1379 2054 1522 2088 Missive
1543 2053 1571 2087 1²
1598 2053 1828 2095 Cancelleria,
1845 2063 1917 2099 reg.
1941 2062 1995 2104 302

507 2125 535 2148 c.
567 2124 642 2148 110·

594 2211 663 2252 47.
701 2207 833 2250 Causa
877 2206 1156 2262 Margaretlme
1198 2205 1348 2248 relictae
1398 2205 1602 2248 Wilhelmi
1640 2206 1682 2248 de
1719 2205 1893 2248 ferrara
1933 2219 1996 2248 co-

507 2280 612 2320 mitis
643 2286 775 2321 contra
807 2278 1013 2333 Hinczam
1045 2277 1090 2319 de
1121 2277 1268 2334 Rogo-tt*
1288 2286 1360 2334 pro
1387 2277 1616 2335 quibusdam
1646 2276 1841 2320 laboribus
1863 2284 1899 2319 et
1923 2273 1996 2319 cle-

506 2350 632 2392 nodiis
652 2351 839 2407 pretiosis.

1286 2407 1512 2459 Cracoviae‚
1547 2421 1599 2451 12
1633 2408 1744 2450 Maii
1777 2421 1904 2464 1427.

587 2502 850 2560 Margaretha
882 2503 1020 2545 relicta
1047 2503 1154 2545 olim·
1184 2502 1470 2545 Wilhelmi
1502 2502 1552 2545 de
1586 2503 1819 2545 Fararea
1861 2502 1995 2545 comi-

504 2575 570 2625 tis,
603 2585 829 2616 contumax
861 2575 1039 2616 existens
1081 2574 1209 2616 actrix
1251 2584 1394 2616 contra
1436 2573 1658 2616 dominum
1700 2574 1903 2616 Hinczam
1943 2573 1995 2617 de

505 2645 670 2701 Rogow
702 2659 777 2701 pro
809 2659 873 2697 eo,
895 2643 1006 2701 quod
1037 2643 1110 2686 tibi
1131 2655 1171 2686 et
1193 2643 1300 2686 bone
1322 2642 1618 2687 recordationis
1645 2643 1760 2687 fratri
1780 2655 1854 2687 tuo
1879 2644 1995 2687 Hen-

503 2716 590 2758 rico
623 2714 775 2758 ibidem
808 2713 858 2757 de
892 2715 1056 2772 Rogow
1090 2713 1291 2758 laboravit
1316 2730 1390 2772 pro
1427 2716 1576 2758 vestris
1608 2714 1922 2758 necessitatibus
1954 2725 1994 2758 et

504 2786 730 2828 voluntate.

602 2899 611 2916 1
632 2891 707 2926 MS.
723 2893 961 2938 perducamur.
1013 2898 1026 2917 ²
1043 2892 1225 2926 Secundum
1245 2896 1391 2926 nostrum
1411 2892 1637 2927 calendarium
1653 2903 1671 2939 7
1693 2893 1874 2929 Februarii
1893 2902 1992 2939 1427.
