2201 3554
1074 337 1338 367 —100—

463 441 732 476 (jracoviensesz
752 438 916 484 episcopi,
931 438 1094 472 Albertus
1114 437 1171 479 183

510 501 632 535 Petrus
662 500 704 533 de
738 497 909 532 Radolina
937 507 975 541 73
1003 497 1172 543 Sbigneus

513 559 566 597 26,
586 568 641 603 27,
660 558 700 602 83
717 570 723 594 ;
743 556 989 591 scholasticus:
1007 555 1173 590 Nicolaus

510 616 746 651 Pennasconis
783 614 1026 659 (Panesconis)
1057 624 1090 660 9,
1117 624 1173 660 91,

513 686 574 722 92:
602 675 816 722 praepositus
843 686 867 708 s.
887 673 1051 715 Floriani,
1069 673 1173 707 Nico-

512 737 596 778 laus,
631 733 934 769 vicecancellarius
969 733 1067 779 regni
1107 742 1170 777 233

512 803 624 829 terrae
651 794 870 840 capitaneus:
905 793 1026 827 Petrus
1052 791 1174 838 palati-

513 865 576 888 nus
594 852 887 887 Sandomiriensis
914 859 947 886 et
973 851 1174 896 capitaneus

512 912 716 946 Siradiensis
748 920 810 955 753
846 910 976 956 Spitco,
1001 909 1174 955 palatinus

511 971 755 1006 Cracoviensis
797 979 825 1013 ς,
853 980 893 1014 7;
933 969 1174 1003 theloneator:

513 1031 668 1065 Albicius
695 1030 737 1064 de
763 1029 908 1063 Medicis
943 1038 999 1071 25,
1027 1038 1082 1072 27,
1111 1027 1173 1069 283

513 1089 760 1124 Universitatis
786 1096 1013 1122 conservator
1035 1096 1089 1133 79.

466 1149 611 1183 cremesi
644 1148 826 1193 (cremexi,
860 1146 1043 1188 chi-emesi,
1076 1146 1174 1180 cher-

513 1208 611 1249 mesi,
638 1207 803 1251 carmesi)
831 1206 915 1240 alias
942 1205 1099 1240 czirwicz
1122 1204 1175 1247 16,

517 1277 569 1311 34,
595 1277 648 1311 35,
670 1267 722 1312 38,
740 1276 797 1308 42,
814 1264 872 1308 46,
893 1274 1021 1311 49-51‚
1043 1273 1096 1309 53,
1122 1273 1175 1309 55,

518 1325 569 1369 56,
596 1324 723 1368 62—64,
750 1323 876 1359 66—68.

468 1385 598 1420 crinale
612 1392 819 1432 argenteum
833 1384 876 1418 ad
890 1383 1093 1418 astiludium
1115 1393 1152 1427 33
1167 1395 1174 1425 ;

512 1456 591 1478 cum
611 1455 648 1489 15
674 1444 844 1490 lapidibus
862 1443 1025 1489 pretiosis
1046 1450 1079 1477 et
1094 1454 1174 1477 cum

513 1504 616 1549 perlis
647 1513 698 1549 33.

466 1561 607 1596 Cristan
632 1562 767 1596 Erhard
794 1561 848 1595 80.

466 1621 713 1667 Cristophorus
739 1621 781 1654 de
807 1619 963 1662 Fermra,
989 1619 1175 1665 apotheca-

514 1681 584 1714 rius
610 1680 854 1715 Cracoviensis
881 1679 912 1713 8.

465 1741 589 1787 Krugil
611 1740 753 1786 Caspar,
775 1738 860 1773 civis
877 1738 1121 1774 Cracoviensis
1147 1748 1174 1782 ς.

467 1800 674 1834 Culmenses
710 1797 879 1844 episcopi:
912 1798 1090 1833 Arnoldus
1125 1807 1175 1839 10,

519 1867 576 1898 11;
603 1856 778 1890 Iohannes
810 1867 868 1895 11;
894 1855 1060 1890 Nicolaus
1092 1867 1142 1890 11.

469 1915 668 1949 Culmensis
695 1915 874 1961 provincia
906 1925 955 1959 17.

466 1974 599 2017 Cumis,
628 1974 681 2015 de,
708 1974 751 2008 A.
782 1984 811 2018 3.

466 2034 583 2079 czaple
611 2033 695 2067 alias
729 2034 867 2079 galerus
899 2033 942 2067 de
969 2034 1093 2079 pennis
1123 2045 1175 2068 ar-

514 2093 659 2127 dearum
691 2102 742 2137 33.

466 2152 649 2187 Czarnissa
675 2152 846 2194 Andreas,
863 2152 948 2186 civis
965 2152 1177 2187 Cracovien-

514 2211 560 2245 sis
590 2221 640 2246 12.

466 2271 586 2317 Czeyn
613 2270 743 2312 Goczo,
770 2270 855 2304 civis
880 2269 1124 2305 Cracoviensis
1143 2270 1174 2305 6.

465 2329 606 2375 Czipser
632 2329 789 2371 Hannus,
822 2330 907 2364 civis
932 2329 1177 2364 Cracoviensis

523 2387 574 2422 16.

466 2447 591 2489 Czirla,
611 2447 664 2489 de,
682 2447 832 2482 Michael
859 2447 944 2481 alias
962 2447 1081 2494 Lange
1110 2448 1175 2482 Μὶ-

516 2506 592 2540 chel
623 2517 675 2551 35,
702 2517 759 2549 41,
789 2516 845 2549 42,
871 2506 926 2541 60.

466 2565 624 2600 c‘zirwicz
649 2566 723 2600 vide
750 2567 906 2601 cremesi.

466 2680 584 2718 Dacia
609 2694 664 2729 90.

466 2743 649 2777 Dalmacia
677 2745 732 2787 ὃς,
760 2743 814 2778 86.

466 2802 657 2836 Danibrow
697 2802 873 2845 Nicolaus,
900 2804 1020 2838 consul
1047 2804 1175 2839 Craco-

512 2861 640 2895 viensis
666 2872 697 2903 4.

466 2920 641 2962 Damiani,
667 2921 719 2962 de,
746 2921 788 2955 N.
816 2932 846 2967 9.

1244 437 1410 471 Damiani
1437 437 1592 483 Raphael
1618 436 1692 470 vida
1720 437 1900 470 Astenses.

1245 496 1422 542 Delphino
1436 496 1592 536 Iacobus,
1611 495 1715 530 frater
1729 494 1860 529 ordinis
1879 506 1956 529 san-

1292 555 1337 589 cti
1364 554 1539 589 Francisci
1567 554 1609 588 de
1635 553 1794 588 Venetiis
1821 554 1877 588 81.

1246 614 1410 648 Derslaus
1447 613 1608 655 Micislai,
1635 613 1852 659 praepositus
1877 612 1956 647 Plo-

1295 672 1408 707 censis
1440 683 1490 717 17.

1247 731 1378 766 Diedo:
1405 732 1595 773 Antonius,
1635 732 1761 766 nobilis
1801 731 1956 766 Venetus

1295 792 1361 833 813
1390 791 1529 826 Donata
1556 791 1630 826 eius
1656 802 1744 825 uxor
1770 791 1827 833 81,
1853 790 1908 825 82.

1247 851 1380 897 Dlugos
1394 851 1652 893 Mathias,civis
1666 850 1892 892 Ilcussiensis‚
1904 859 1918 894 3
1928 859 1955 894 5.

1247 911 1514 956 Dobrogosfius,
1533 910 1714 956 episcopus
1732 909 1956 952 Poznanien.‚

1294 971 1460 1004 collector
1486 981 1648 1004 camerae
1678 979 1705 1013 3.

1247 1029 1357 1063 Dolce
1383 1028 1499 1070 Clara,
1538 1029 1701 1062 monialis
1739 1028 1849 1062 sancti
1882 1028 1965 1062 An-.

1295 1089 1398 1123 dreae
1423 1089 1466 1123 de
1492 1088 1604 1122 Zirata
1631 1087 1790 1122 venetiis
1808 1087 1874 1129 823
1894 1087 1957 1122 Ni-

1295 1148 1412 1182 colaus
1440 1148 1495 1189 81,
1523 1147 1577 1181 82.

1247 1205 1444 1252 Dotuszyce
1462 1205 1710 1250 (Dolussicze)‚
1724 1205 1777 1248 de,
1791 1205 1958 1248 Paschek,

1299 1276 1351 1308 14,
1384 1276 1434 1310 15.

1247 1327 1389 1362 Donato
1407 1327 1570 1370 Michael,
1590 1327 1692 1362 iudex
1711 1327 1824 1373 petit.‚
1842 1326 1958 1362 Vene-
1985 1345 1987 1347 ·

1294 1394 1350 1420 tus
1377 1386 1434 1422 68.

1246 1446 1498 1493 Dziaduszyce,
1518 1446 1572 1488 de,
1590 1446 1735 1481 Iacobus
1753 1453 1786 1480 et
1804 1445 1957 1493 Pyethu-

1296 1505 1363 1540 cho
1390 1515 1444 1549 23.

1247 1620 1388 1658 Ederer
1413 1624 1598 1666 Iohannes,
1637 1624 1802 1658 scultetus
1837 1623 1955 1659 iudicii

1295 1683 1487 1718 Cracoviae
1513 1683 1568 1725 84.

1247 1742 1415 1789 Edlinger
1423 1743 1545 1776 Petrus
1554 1742 1639 1776 civis
1647 1742 1892 1777 Cracoviensis
1900 1743 1956 1788 83.

1248 1801 1459 1844 Elisabetha,
1496 1809 1609 1836 mater
1646 1801 1827 1844 Ludovici‚
1865 1802 1957 1849 regis

1295 1861 1464 1896 Poloniae
1490 1870 1523 1896 et
1550 1861 1750 1908 Hungariae
1778 1873 1808 1906 7.

1249 1976 1421 2013 Falconis
1450 1979 1638 2021 Iohannes,
1663 1987 1838 2015 mercator
1863 1979 1957 2014 Pisa-

1296 2051 1361 2073 nus
1390 2049 1438 2073 vx.

1250 2096 1457 2143 Falkinberg
1483 2097 1661 2140 Nicohus,
1683 2099 1803 2132 consul
1828 2097 1957 2133 Craco-

1297 2156 1426 2190 viensis
1457 2166 1507 2190 12.

1248 2214 1459 2248 falkinhaus
1483 2214 1536 2258 78.

1249 2274 1408 2315 Famrea,
1434 2274 1573 2308 Fararia
1599 2274 1672 2308 vide
1694 2275 1849 2309 Ferrara.

1250 2332 1430 2368 fardelluni
1471 2334 1506 2367 in
1544 2345 1613 2379 quo
1651 2342 1749 2368 erant
1787 2345 1957 2370 varnacce

1297 2392 1511 2426 scillatorurn
1537 2399 1571 2426 et
1593 2392 1706 2438 alique
1727 2393 1904 2427 variorum
1923 2400 1957 2428 et

1296 2451 1405 2485 multe
1432 2451 1498 2485 alie
1523 2452 1716 2486 tncrcantie
1742 2462 1797 2496 72.

1248 2510 1465 2545 Fattinante:
1480 2510 1656 2552 Erasmus,
1666 2522 1775 2557 nepos
1790 2510 1956 2546 Gottfridi

1295 2568 1328 2611 6,
1356 2579 1393 2613 73
1420 2569 1615 2604 Gottfridus
1642 2570 1684 2604 de
1705 2570 1812 2604 Ianua
1831 2581 1956 2617 suppa-

1296 2629 1366 2663 rius
1379 2629 1461 2663 salis
1475 2629 1648 2675 generalis
1665 2629 1807 2664 Bochne
1824 2637 1858 2664 et
1873 2629 1969 2667 We»

1296 2687 1420 2722 liczcze
1446 2697 1479 2730 4,
1506 2698 1533 2730 5,
1560 2687 1592 2729 8,
1619 2687 1822 2722 distributor
1854 2699 1956 2734 pecu-

1296 2747 1434 2780 niarum
1460 2755 1493 2780 et
1520 2747 1640 2781 consul
1667 2747 1872 2782 Cracovien.
1899 2746 1930 2782 6.

1249 2806 1404 2847 Ferrara,
1425 2806 1478 2848 de,
1497 2806 1782 2852 Christophorus‚
1811 2807 1955 2852 apothe-

1296 2865 1408 2898 carius
1437 2864 1643 2899 Cracovien.
1671 2866 1711 2904 ὃς
1742 2864 1956 2899 Wilhelmus

1296 2934 1414 2958 comes
1442 2932 1475 2958 et
1502 2924 1725 2969 Margaretha
1753 2935 1840 2958 uxor
1866 2933 1918 2968 32.
