2201 3554
782 339 839 343 —
871 314 920 355 81
960 340 1016 345 —

247 415 314 469 76.
357 423 647 467 Testamentum
682 424 813 467 Bonae
846 425 999 467 relictae
1032 426 1139 468 Petri
1171 426 1399 469 Bit-haram.

1028 543 1210 596 Venalis,
1243 545 1266 585 S
1301 543 1401 586 Iulii
1430 546 1555 599 1438.

245 646 408 706 [Anno]
448 647 571 703 1438,
616 649 772 690 mensis
818 648 910 690 Iulii
954 648 1020 691 die
1052 650 1093 700 8,
1133 649 1358 692 indictione
1390 650 1537 705 prima,
1573 649 1645 692 Ri-

155 717 296 760 voalti.
331 717 485 761 Divine
517 719 797 775 inspirationis
830 730 906 761 etc.
942 719 1208 776 Quapropter
1240 735 1319 775 ego
1352 720 1466 762 Bona
1501 719 1647 762 Bicha-

157 803 272 842 rano,
305 789 445 831 relicta
477 787 688 845 quondam
723 804 788 831 ser
816 790 923 832 Petri
946 790 1188 843 Bicharano,
1210 799 1219 816 ¹
1255 789 1305 832 dc
1328 789 1510 832 confinio
1544 790 1646 833 San-

155 869 220 902 cte
237 859 472 912 Trinitatis,
496 858 661 901 infirma
684 874 857 916 corpore
882 875 978 902 sane
1010 872 1151 902 tamen
1175 861 1325 902 mentis
1349 871 1387 902 et
1415 861 1646 902 intellectus

155 930 286 987 gratia
317 930 397 973 Dei
429 928 707 987 premeditans
741 942 816 972 etc.
858 931 902 973 In
944 946 1027 988 quo
1059 930 1226 988 quidem
1262 946 1358 973 meo
1394 943 1644 974 testamento

155 1001 327 1045 instituo
358 1012 397 1043 et
430 1016 519 1043 esse
550 1001 650 1043 volo
684 1016 800 1043 meos
835 1000 976 1044 fideles
1009 1002 1325 1044 commissarios
1347 1013 1386 1044 et
1410 1001 1529 1044 liuius
1563 1002 1647 1044 mei

155 1072 390 1114 testamenti
435 1083 474 1114 et
514 1071 658 1114 ultime
709 1072 931 1114 voluntatis
979 1084 1234 1124 executores,
1284 1073 1419 1114 virum
1462 1071 1646 1115 nobilem

157 1156 223 1184 ser
253 1141 515 1185 Anthonium
550 1141 686 1184 Diedo
719 1153 758 1184 et
790 1141 1042 1201 do[mi]nam
1077 1143 1286 1185 Donatam
1329 1143 1417 1185 eius
1456 1157 1645 1195 uxorem,

156 1225 198 1256 et
243 1227 308 1255 ser
354 1212 576 1255 Nicolaum
622 1212 752 1255 Dolce
800 1225 840 1255 et
886 1213 1137 1255 Nicliolaum
1188 1213 1417 1255 Bicliarano
1465 1213 1644 1257 condam

157 1297 223 1326 ser
256 1282 476 1335 Francisci,
508 1283 579 1340 qui
611 1281 784 1324 debeant
811 1284 1044 1326 executioni
1069 1282 1263 1325 mandare
1297 1284 1453 1336 onmia,
1485 1285 1648 1341 quein-

157 1352 284 1397 serius
310 1353 526 1410 ordinabo,
559 1365 598 1396 et
630 1354 662 1395 si
697 1369 844 1396 omnes
876 1365 1053 1411 quatuor
1086 1369 1170 1396 non
1202 1366 1371 1411 possent
1395 1354 1459 1396 vel
1488 1355 1645 1397 nollent

158 1424 252 1467 huic
285 1440 378 1468 mee
410 1424 651 1484 [voluntati]
684 1423 910 1475 intendere,
938 1425 1037 1467 volo
1069 1424 1178 1481 quod
1208 1426 1342 1468 maior
1375 1440 1466 1482 pars
1500 1441 1645 1467 eorum

158 1496 288 1552 possit
309 1507 348 1541 et
370 1496 503 1539 valeat
525 1496 629 1538 hanc
654 1511 790 1538 meam
817 1497 1153 1539 commissariam
1175 1496 1477 1539 administrare.
1503 1497 1648 1538 Primo

156 1566 323 1610 dimitto
355 1565 604 1611 dominabus
637 1567 774 1609 Sancti
809 1566 973 1610 Andree
1005 1567 1055 1610 de
1088 1568 1221 1610 Zirata
1253 1567 1425 1611 ducatos
1475 1582 1519 1624 15
1559 1568 1648 1609 auri

157 1653 234 1695 pro
265 1639 403 1681 anima
442 1654 548 1691 mea,
584 1650 627 1681 ut
660 1651 808 1695 rogent
841 1639 979 1681 Deum
1014 1653 1088 1695 pro
1122 1639 1257 1681 anima
1301 1654 1406 1681 mea.
1450 1639 1553 1681 Item
1587 1638 1649 1681 di-

158 1710 281 1752 mitto
308 1709 422 1753 fratri
454 1710 578 1753 Felici
611 1711 740 1752 sancti
775 1710 981 1752 Francisci
1015 1709 1063 1752 de
1097 1711 1229 1752 Vinea
1260 1710 1310 1753 de
1343 1711 1531 1752 Venetiis
1573 1724 1648 1766 pro

158 1795 231 1823 sua
263 1782 505 1824 necessitate
545 1780 717 1824 ducatos
757 1794 820 1832 10,
856 1795 897 1823 ut
931 1792 1049 1837 roget
1082 1781 1218 1823 Deum
1254 1796 1329 1838 pro
1362 1781 1498 1823 anima
1542 1796 1646 1823 mea.

158 1851 263 1894 Item
289 1851 456 1895 dimitto
487 1852 663 1895 domino
692 1851 802 1894 fratri
838 1850 988 1894 Iacobo
1017 1851 1226 1908 Delpliino
1257 1851 1355 1894 dicti
1389 1851 1546 1894 ordinis
1573 1849 1650 1893 du-

158 1933 272 1966 catos
310 1936 362 1966 10
393 1924 481 1966 auri
509 1937 584 1980 pro
613 1938 685 1965 sua
718 1924 975 1974 necessitate,
1008 1935 1046 1964 et
1077 1923 1108 1964 si
1143 1938 1227 1965 non
1261 1923 1419 1964 veniret
1455 1922 1649 1964 Venetias

158 2009 207 2036 ex
239 1993 318 2037 hoc
350 1995 496 2046 viazio,
529 1992 626 2036 dicti
659 1993 793 2036 ducati
831 1993 979 2036 dentur
1013 1994 1269 2035 monasterio
1303 1994 1450 2037 Sancte
1484 1993 1650 2049 Brigide

156 2064 208 2108 de
240 2065 427 2108 Venetiis
454 2080 528 2122 pro
561 2066 698 2107 anima
732 2064 875 2123 [mea].
910 2065 1011 2106 Item
1038 2063 1204 2106 dimitto
1232 2065 1364 2107 sorori
1394 2064 1558 2106 Donate
1583 2064 1650 2106 Bi-

158 2128 352 2189 charano,
385 2137 557 2179 moniali
591 2137 831 2179 monasterii
867 2136 1069 2192 Corporis
1103 2135 1274 2187 Christi,
1307 2134 1478 2177 ducatos
1515 2149 1532 2190 5
1563 2135 1650 2177 auri

159 2222 233 2264 pro
265 2208 403 2250 anima
436 2222 542 2259 mea,
574 2218 613 2250 et
646 2208 679 2249 si
713 2218 819 2249 esset
853 2218 1016 2249 mortua
1058 2218 1247 2264 tempore
1280 2205 1416 2248 obitus
1450 2207 1547 2256 mei,
1581 2221 1651 2248 ve-

159 2279 273 2320 niant
304 2279 346 2320 in
385 2277 542 2321 dictum
576 2279 877 2321 monasterium
897 2286 910 2303 ²
946 2277 1085 2320 libere.
1119 2277 1221 2319 Item
1256 2277 1422 2319 dimitto
1462 2292 1536 2333 pro
1570 2292 1649 2319 una

256 2451 265 2469 ¹
295 2443 411 2478 Petrus
438 2444 623 2478 Bicaranus
651 2448 798 2477 mortuns
819 2448 864 2477 est
889 2455 976 2477 amno
1008 2453 1094 2485 1424
1121 2454 1138 2476 ιι
1160 2453 1201 2487 23
1236 2442 1325 2476 Maii
1354 2442 1398 2475 ad
1432 2453 1470 2475 12
1503 2442 1645 2488 Septem-

159 2503 241 2546 bris,
269 2504 346 2549 quia
372 2504 406 2537 in
429 2503 522 2538 Actis
548 2503 766 2537 Scahinormn
798 2502 1068 2536 Cracoviensium
1097 2514 1147 2535 nr.
1170 2513 1199 2544 5,
1217 2508 1251 2547 p.
1280 2513 1318 2547 91
1342 2502 1400 2535 sub
1419 2502 1470 2534 die
1499 2512 1517 2534 2
1525 2512 1541 2543 3
1563 2501 1652 2535 Maii

162 2571 252 2605 1424
277 2561 454 2607 leguntur:
482 2562 667 2603 Iohannes,
700 2561 877 2607 quondam
912 2561 945 2594 in
979 2560 1070 2594 Ilkus
1092 2581 1128 2585 —
1159 2561 1375 2605 obligaverat
1394 2580 1433 2585 —-
1460 2571 1566 2593 omne
1586 2561 1649 2601 ius,

159 2622 251 2668 quod
276 2622 381 2656 habet
400 2623 442 2656 ad
463 2623 622 2663 domum,
649 2622 683 2655 in
711 2633 777 2667 qua
804 2621 979 2655 habitat
1007 2621 1168 2654 l’etrus
1195 2620 1420 2666 l3ycoraii,
1447 2619 1482 2652 in
1509 2619 1650 2659 circulo,

159 2692 265 2727 penes
278 2682 423 2716 domum
441 2682 576 2716 domini
599 2681 733 2715 Erasmi
753 2680 955 2726 Grzymale3
979 2684 1009 2712 et
1026 2681 1060 2713 in
1081 2679 1435 2713 Petizion--Sentenze
1453 2689 1471 2711 a
1491 2678 1648 2723 giustizia

159 2742 228 2777 vol.
259 2751 311 2786 37,
337 2752 365 2775 c,
392 2750 459 2785 43v
481 2740 666 2785 (venetiis,
697 2741 866 2774 Arcliivio
892 2740 924 2773 di
952 2740 1067 2782 Stato)
1094 2739 1152 2772 suh
1178 2738 1229 2772 die
1259 2749 1298 2772 12
1327 2737 1524 2785 Septembris
1563 2748 1649 2779 1424

159 2813 292 2836 causam
317 2803 393 2847 agit
412 2812 486 2835 cum
512 2801 706 2847 quibusdam
729 2812 784 2834 ser
806 2800 1007 2833 Franciscus
1029 2799 1200 2832 Bicarano
1226 2798 1405 2832 condam
1433 2797 1565 2831 domini
1588 2797 1649 2831 Pe-

160 2859 216 2895 tri.
243 2859 317 2905 (Cf.
346 2861 443 2894 etiam
470 2859 568 2894 huius
593 2859 742 2893 editionis
770 2871 821 2892 nr.
849 2863 921 2901 43).

255 2925 270 2944 ²
296 2918 373 2952 MS.
400 2919 495 2953 dicto
519 2918 746 2953 monasterio.

305 3025 326 3058 6
