2201 3554
783 301 1016 355 —65-

156 405 233 456 zoe
262 428 327 455 ser
360 412 571 455 Pixancllo
605 411 802 454 pix-„melli
824 423 863 454 et
886 427 950 454 scr
977 413 1089 454 Zuan
1123 412 1268 456 Orsini
1293 426 1340 454 50
1367 413 1504 462 amici,
1528 413 1643 455 salvo

156 483 233 526 che
252 482 361 526 dele
382 483 568 540 piezarie,
601 497 622 524 e
654 481 694 524 di
726 482 861 539 quelle
894 482 1064 539 plezarie
1097 483 1134 525 el
1166 481 1277 525 dicto
1302 481 1343 525 fo
1364 494 1574 525 constreto
1601 483 1642 525 in

154 554 294 612 quello
327 569 446 597 mexe
473 569 494 595 a
517 554 529 596 i
551 552 710 596 consoli
743 551 792 595 de
820 553 997 610 pagarle,
1025 553 1061 596 le
1087 553 1219 610 qualle
1253 553 1306 595 lui
1341 568 1408 596 me
1433 553 1643 610 denegava

155 623 232 667 che
264 623 306 667 fo
338 639 410 681 per
436 622 582 666 cercha
605 622 706 665 libre
733 635 814 678 300
837 622 887 666 de
910 624 1058 679 grossi.
1093 623 1124 665 E
1157 639 1226 680 per
1260 624 1286 665 li
1318 623 1416 666 dicti
1442 623 1581 666 arbitri
1601 623 1642 666 fo

153 695 408 737 sentenziato
429 693 479 736 de
505 693 648 736 darme
669 708 740 750 per
764 705 874 736 resto
900 693 949 736 de
972 705 1058 736 tute
1082 706 1222 736 nostre
1250 693 1416 736 facende
1449 692 1549 736 libre
1573 695 1641 748 98,

153 779 187 807 s.
279 773 289 791 ¹
319 763 370 807 de
395 765 551 821 grossi3
584 779 605 806 e
631 763 812 806 vezando
839 764 874 806 el
898 764 1010 807 dicto
1039 779 1103 806 ser
1131 764 1296 807 Zuanne
1319 779 1500 806 esserme
1526 775 1641 806 tanto

151 834 338 879 debitore
363 835 429 878 elo
455 835 588 893 allego
610 836 646 878 ai
672 833 770 877 dicti
796 834 950 886 arbitri,
978 835 1053 878 che
1075 837 1115 878 io
1138 836 1164 878 li
1187 836 1318 879 dove-a
1351 835 1446 878 dare
1473 835 1507 878 el
1534 846 1640 877 trato

150 906 201 950 de
223 906 320 949 zerti
339 906 426 948 vari
449 920 471 948 e
493 905 688 958 cremexi‚
712 907 724 948 i
751 906 860 963 quali
882 906 923 947 io
952 907 1084 948 recevi
1108 905 1394 949 d’Antliuonio
1417 906 1466 949 dc
1490 906 1639 948 Zuane.

151 976 183 1020 E
209 976 364 1020 veduto
395 992 417 1020 e
449 977 589 1019 intexo
621 977 633 1019 i
666 975 762 1019 dicti
790 975 929 1018 arbitri
958 988 1042 1018 tuta
1069 988 1209 1034 questa
1243 977 1444 1020 cliaxione
1477 988 1642 1019 senten-

149 1047 317 1090 tiorono
342 1047 499 1090 chomo
516 1061 586 1104 per
609 1046 743 1105 quella
770 1062 880 1104 apar,
907 1046 943 1089 la
965 1047 1099 1104 qualle
1123 1047 1352 1090 ratificamo
1379 1046 1572 1090 dacordo.
1597 1046 1638 1089 Si

149 1118 225 1162 che
255 1117 306 1162 da
338 1118 472 1176 quella
500 1119 701 1174 sententia
729 1117 939 1160 arbitraria
967 1133 1051 1160 non
1074 1119 1110 1161 ci
1133 1119 1344 1176 possiamo
1370 1119 1534 1175 partire,
1568 1132 1639 1174 per

148 1189 185 1232 la
206 1189 340 1248 qualle
358 1190 558 1232 sententia
575 1188 688 1247 digo,
706 1189 796 1232 chel
814 1188 926 1232 dicto
944 1204 1008 1232 ser
1027 1189 1163 1231 Zuane
1181 1204 1236 1232 no
1260 1205 1326 1232 nie
1343 1190 1393 1232 de
1410 1188 1638 1232 domandas

147 1261 185 1305 el
212 1271 318 1304 trato
349 1260 415 1304 del
448 1260 559 1304 dicto
591 1261 772 1303 cremexi
806 1260 954 1318 perche=
981 1275 1065 1304 non
1098 1262 1109 1303 i
1143 1276 1219 1304 son
1246 1260 1430 1304 debitore
1455 1277 1474 1304 a
1499 1262 1637 1304 niente

148 1347 218 1389 per
249 1331 304 1376 do
335 1347 503 1376 taxone.
538 1332 596 1374 La
622 1333 756 1390 prima
779 1332 928 1389 perche
952 1347 1006 1375 no
1029 1333 1085 1375 m'
1105 1334 1126 1375 22
1149 1331 1316 1376 obedito
1344 1333 1379 1376 la
1405 1332 1511 1376 dicta
1546 1349 1638 1376 sen-

145 1405 286 1457 tentia,
319 1403 475 1447 chomo
506 1402 737 1446 dechiariro
770 1403 819 1446 de
853 1415 946 1446 soto
979 1415 1017 1446 et
1044 1403 1248 1447 cciamdio
1276 1420 1297 1447 a
1324 1404 1456 1447 bocha
1489 1420 1509 1447 e
1542 1420 1638 1462 pro-

146 1476 267 1528 vero3
302 1475 340 1518 la
379 1474 561 1532 segonda
603 1475 752 1532 perche
793 1475 829 1517 el
876 1474 988 1518 dicto
1021 1490 1084 1518 ser
1124 1476 1261 1518 Zuane
1294 1475 1361 1519 del
1401 1475 1512 1519 dicto
1550 1491 1638 1519 cre-

146 1547 300 1600 mexin,
333 1545 408 1589 che
441 1561 509 1589 me
539 1545 748 1589 domanda
782 1561 825 1588 se
857 1545 1010 1589 acordo
1033 1545 1082 1589 da
1116 1547 1198 1590 lato
1220 1545 1259 1589 di
1284 1547 1319 1589 1-:1
1352 1562 1432 1590 con
1464 1547 1500 1590 61
1526 1547 1637 1590 dicto

143 1616 360 1660 Anthonio
392 1616 442 1660 de
469 1617 636 1660 Zuanne
667 1615 718 1659 de
751 1632 827 1659 suo
854 1617 1023 1660 volout-:1
1056 1633 1077 1660 e
1111 1633 1180 1675 per
1208 1633 1284 1660 suo
1317 1618 1471 1675 grande
1503 1619 1636 1662 utilit&

123 1698 183 1742 ,et
215 1689 257 1731 in
290 1689 376 1731 mio
409 1687 660 1745 preiudicio3
693 1703 714 1730 e
735 1699 882 1746 questo
905 1688 1088 1732 achordo
1117 1688 1202 1731 fece
1225 1690 1334 1731 mexi
1365 1702 1413 1731 10
1442 1691 1577 1732 avanti
1599 1690 1635 1733 le

143 1772 272 1816 prove
294 1759 370 1802 che
390 1759 447 1802 ΓΞ(
468 1770 630 1816 portato
650 1758 690 1802 di
714 1759 763 1801 131.
793 1759 842 1802 Et
859 1759 1063 1802 eciamdio
1083 1759 1134 1803 de
1155 1759 1267 1803 dicto
1289 1761 1436 1817 propio
1455 1763 1635 1804 cremexi

144 1829 186 1874 fo
212 1841 361 1888 pagato
392 1830 442 1874 da
470 1830 552 1873 lato
584 1830 680 1874 dillit
704 1830 860 1873 chomo
883 1832 908 1874 o
929 1830 1128 1888 prox-ado,
1152 1846 1173 1873 e
1200 1830 1468 1887 besognando
1501 1831 1633 1874 offero

141 1899 192 1944 de
222 1916 411 1958 provare‚
443 1900 599 1944 chomo
625 1900 858 1944 dechiariro
881 1902 921 1943 in
944 1913 1101 1959 questa,
1125 1917 1146 1944 e
1178 1918 1199 1944 a
1233 1901 1377 1953 bocha,
1401 1902 1512 1946 siche
1534 1905 1633 1960 pore

141 1970 290 2016 vedere
312 1973 370 2016 mi
393 1971 601 2015 domanda
621 1973 922 2015 inzustamente
944 1983 1086 2015 contra
1110 1974 1208 2030 ogni
1231 1974 1412 2016 raxione.

230 2043 263 2086 E
289 2058 361 2101 per
391 2042 590 2087 declarire
617 2043 654 2086 la
681 2044 815 2100 prima
842 2055 954 2101 parte
975 2043 1114 2096 dicho,
1137 2044 1228 2087 chel
1255 2044 1366 2088 dicto
1399 2060 1462 2087 ser
1495 2045 1632 2088 Zuane

111 2117 163 2158 -ὲ
195 2116 440 2159 sententiato
482 2131 505 2158 a
540 2114 694 2158 dovere
728 2115 811 2158 fare
845 2116 972 2159 molte
1006 2116 1168 2169 chosse,
1200 2132 1221 2159 e
1256 2116 1314 2160 fra
1357 2117 1394 2160 16
1439 2118 1540 2160 altre
1571 2129 1632 2160 tre

141 2187 392 2245 principalle.
425 2187 483 2230 La
505 2187 639 2245 prima
662 2186 890 2244 provedere
912 2203 933 2230 e
958 2187 1040 2230 fare
1063 2189 1162 2245 ogni
1186 2189 1440 2246 §perimento
1467 2201 1507 2232 et
1533 2190 1631 2246 ogni

140 2273 213 2301 sua
243 2273 365 2316 possa
397 2257 447 2302 de
479 2273 592 2301 esser
624 2269 771 2316 pagato
804 2257 955 2301 (13113ῑο
987 2258 1082 2302 (11113
1114 2259 1178 2302 (161
1211 2259 1321 2302 dicto
1353 2261 1534 2303 cremexi
1566 2260 1631 2303 dal

137 2329 250 2373 dicto
282 2328 541 2372 Anthuonio.
571 2329 772 2382 Seconda,
806 2329 897 2372 chel
928 2328 1045 2372 debia
1072 2345 1246 2387 provare
1279 2346 1300 2372 e
1333 2343 1523 2374 constare
1546 2347 1629 2374 non

138 2414 260 2443 avere
292 2411 464 2458 possuto
496 2415 608 2443 esser
641 2410 790 2457 pagato
816 2400 967 2443 (13113ῑο
992 2400 1042 2443 (16
1066 2401 1116 2454 13,
1158 2412 1196 2444 et
1223 2417 1373 2444 averne
1408 2401 1490 2445 fato
1531 2403 1629 2459 ogni

138 2486 215 2514 suo
246 2482 388 2529 potere
429 2482 758 2529 exsperemento.
804 2471 954 2525 Terca,
1000 2472 1090 2514 chel
1128 2472 1245 2515 debia
1289 2488 1463 2530 provare
1510 2489 1630 2516 avere

138 2541 336 2586 mandato
365 2543 401 2585 el
433 2542 545 2586 dicto
576 2543 759 2586 cremexi
782 2558 834 2586 ne
861 2543 896 2586 16
924 2544 1006 2586 rnie
1035 2559 1131 2586 man
1159 2560 1180 2586 e
1203 2543 1428 2587 datomello
1455 2560 1526 2602 per
1554 2561 1629 2587 suo

137 2629 277 2657 nome.
310 2614 343 2657 E
375 2629 462 2657 non
493 2613 707 2671 provando
730 2629 751 2656 e
773 2629 858 2657 non
883 2613 1054 2657 facendo
1087 2615 1123 2657 el
1156 2615 1267 2658 dicto
1291 2630 1355 2658 ser
1382 2616 1518 2658 Zuane
1544 2627 1628 2659 tute

136 2684 173 2728 16
193 2684 375 2742 predicte
400 2685 549 2728 chosse
574 2684 664 2728 dice
688 2685 723 2728 13
747 2686 947 2728 sententia
971 2687 1011 2728 io
1033 2701 1116 2728 non
1140 2686 1165 2728 11
1188 2687 1245 2728 sia
1267 2698 1410 2729 tenuto
1434 2703 1454 2730 a
1477 2688 1626 2730 niente.

137 2756 169 2799 E
202 2756 291 2800 chel
323 2755 434 2800 dicto
466 2772 550 2800 non
583 2755 672 2799 abia
706 2756 790 2800 fato
822 2758 858 2800 la
891 2758 1024 2814 prima
1055 2757 1164 2810 dico,
1187 2757 1262 2800 che
1296 2759 1306 2800 i
1340 2759 1365 2801 o
1399 2770 1572 2815 provato
1605 2776 1626 2801 c

231 2917 241 2935 ¹
274 2910 370 2944 Deest
397 2922 552 2945 numerus
579 2912 612 2944 2⁴11
642 2910 716 2944 MS.

286 3024 298 3057 5
