2201 3554
740 341 975 383 ,19-

114 444 237 494 teriti,
261 442 504 486 venerabilis
545 442 608 484 vir
645 441 841 484 dominus
885 440 1238 499 Borzfflslaus
1275 441 1506 483 Antonii
1540 439 1599 483 de

117 514 231 557 Pilc
247 514 426 564 liowo,
448 511 625 555 decanus
646 512 815 554 ecclesie
840 512 1065 564 Plocensis‚
1086 526 1160 569 pro
1188 522 1333 554 annata
1357 527 1428 553 seu
1456 511 1601 553 mediis

117 584 316 628 fructibus
348 584 470 641 primi
503 584 597 625 anni
630 581 726 625 dicti
760 583 821 624 sui
853 581 1073 624 decanatus
1110 598 1180 638 per
1213 580 1363 624 Sedem
1405 581 1603 639 apostoli-

115 671 207 699 cam
241 654 317 698 sibi
350 654 501 707 collati,
533 654 574 695 in
605 653 754 710 quibus
787 653 1010 710 apostolice
1037 668 1200 696 camere
1232 652 1307 695 sub
1334 653 1454 694 certis
1486 653 1602 709 penis

115 736 155 768 et
181 725 392 769 sententiis
419 725 606 767 extiterat
632 723 852 780 obligatus,
879 735 1046 765 centum
1075 735 1113 766 et
1140 724 1286 780 viginti
1308 734 1391 765 tres
1419 721 1601 765 florenos

115 797 204 839 auri
235 794 285 839 de
317 810 478 838 camera
522 795 598 852 ipsi
631 809 793 837 camere
825 809 895 851 per
928 810 1076 836 manus
1118 794 1278 851 providi
1315 794 1393 836 viri
1436 794 1532 836 Fra
1545 810 1602 836 n-

116 867 254 910 cisci
285 865 345 909 de
377 865 658 916 Bosculis,
691 864 934 906 mercatoris
970 864 1210 916 Florentini,
1239 863 1408 906 solverit
1441 863 1603 906 realiter

116 949 157 981 et
182 953 279 981 cum
301 936 464 989 effectu,
488 948 609 993 prout
631 936 672 978 in
693 935 838 978 litteris
860 936 1057 992 quitantie
1079 934 1211 977 finalis
1234 950 1304 992 per
1326 934 1602 977 reverendum

116 1020 273 1067 patrem
306 1009 526 1052 dominum
559 1009 801 1065 episcopum
834 1008 1049 1050 Lucanum
1084 1023 1133 1050 ex
1165 1018 1258 1065 post
1300 1006 1601 1049 thesaurarium

116 1080 392 1138 apostolicum
420 1078 494 1122 sub
526 1079 618 1122 data
662 1079 907 1122 Constantie
933 1078 998 1122 die
1038 1093 1082 1135 15
1120 1079 1276 1121 mensis
1308 1077 1482 1120 Ianuarii
1506 1078 1602 1119 anni

117 1151 329 1194 millesimi
375 1150 771 1208 quadringentesimi
823 1150 953 1207 quinti
1001 1149 1151 1192 decimi
1203 1149 1384 1206 preteriti
1432 1147 1603 1205 predicti

118 1221 233 1264 factis
271 1232 310 1264 et
351 1221 561 1264 concessis
603 1219 786 1262 vidimus
823 1220 983 1277 plenius
1020 1221 1237 1271 contineri,
1279 1234 1457 1275 cumque
1493 1217 1603 1261 idem

115 1292 314 1336 dominus
358 1291 683 1334 Borzislaus
723 1290 903 1333 decanus
942 1291 1142 1349 proximis
1188 1291 1310 1347 lapsis
1342 1289 1485 1332 diebus
1530 1304 1604 1346 pro

117 1362 292 1406 firmiori
325 1362 559 1405 subcautela
591 1376 662 1418 per
695 1362 1004 1404 sanctissimum
1046 1361 1269 1404 dominum
1311 1371 1500 1402 nostrum
1536 1375 1606 1416 pa-

117 1450 212 1491 pam
246 1433 322 1476 sibi
355 1432 496 1476 fecerit
527 1443 568 1475 et
599 1430 825 1475 obtinuerit
851 1431 901 1475 de
926 1432 1037 1475 dicto
1064 1431 1261 1475 decanatu
1288 1431 1338 1474 de
1371 1446 1483 1473 novo
1510 1445 1606 1487 pro-

116 1504 260 1558 videri,
291 1505 515 1562 timeatque
547 1515 670 1560 prout
701 1505 846 1546 asserit
886 1518 960 1561 pro
993 1503 1111 1546 dictis
1153 1513 1300 1545 armata
1345 1517 1417 1544 seu
1459 1500 1605 1544 mediis

118 1578 316 1622 fructibus
349 1579 470 1636 primi
503 1578 598 1620 anni
631 1577 728 1620 dicti
759 1576 980 1620 decanatus
1018 1579 1100 1620 iam
1144 1577 1273 1619 semel
1316 1586 1360 1618 ut
1404 1574 1605 1632 prefertur

117 1664 188 1707 per
220 1664 316 1691 eum
350 1648 510 1700 solutis,
537 1663 608 1705 per
640 1648 771 1704 ipsam
805 1648 1075 1705 apostolicam
1104 1662 1311 1690 cameram
1346 1662 1416 1688 seu
1450 1647 1604 1688 iurium

117 1719 303 1764 eiusdem
337 1721 379 1762 in
411 1720 576 1762 civitate
608 1719 800 1761 Plocensi
833 1719 1076 1761 collectores
1109 1728 1294 1776 pretextu
1326 1732 1435 1760 nove
1467 1718 1608 1774 provi-

119 1791 249 1834 sionis
281 1789 522 1833 huiusmodi
555 1789 632 1832 sibi
663 1789 766 1833 facte
799 1791 1074 1847 imposterum
1108 1788 1279 1832 forsitan
1320 1803 1442 1846 posse
1475 1788 1608 1831 mole-

119 1863 230 1915 stari,
263 1860 382 1905 nobis
424 1861 634 1904 humiliter
667 1860 887 1918 supplicari
928 1860 1036 1913 fecit,
1075 1870 1119 1902 ut
1161 1859 1236 1902 sibi
1281 1874 1403 1916 super
1446 1858 1526 1901 hoc
1557 1858 1608 1902 de

119 1944 326 1990 oportuno
353 1931 539 1974 remedio
561 1946 636 1988 pro
661 1932 720 1974 sui
745 1931 900 1974 cautela
933 1929 1149 1988 providere
1171 1929 1439 1987 dignaremur
1470 1929 1606 1986 ipsum

120 2002 169 2046 ad
202 2003 324 2046 aliam
357 2002 606 2045 solutionem
633 2001 739 2045 dicte
772 2012 918 2044 annate
945 2017 1029 2044 non
1061 2001 1204 2054 teneri,
1231 1998 1490 2043 declarando.
1518 2000 1608 2042 Nos

119 2085 331 2132 propterea
358 2072 600 2116 huiusmodi
627 2070 995 2130 supplicationibus
1022 2082 1163 2129 utpote
1186 2072 1303 2114 iustis
1329 2071 1527 2123 inclinati,
1550 2081 1610 2113 at-

121 2144 348 2197 tendentes,
374 2144 484 2202 quod
512 2159 673 2187 camera
707 2143 886 2201 predicta
920 2144 1038 2186 unica
1071 2153 1233 2186 tantum
1260 2157 1335 2199 pro
1362 2140 1511 2184 eodem
1538 2156 1609 2183 va-

121 2229 238 2262 cante
259 2217 460 2261 beneficio
481 2216 626 2260 debeat
648 2228 767 2274 atque
789 2216 887 2259 velit
910 2232 998 2259 esse
1022 2216 1229 2259 solutione
1252 2225 1457 2267 contenta,
1475 2215 1610 2257 nemi-

121 2304 301 2347 nemque
327 2289 433 2331 ultra
454 2287 640 2331 debitum
669 2289 829 2345 gravari
852 2286 1014 2341 debere,
1037 2286 1420 2330 solutionemdicte
1448 2297 1608 2338 annate,

122 2371 166 2403 ut
199 2361 450 2418 premittitur
475 2359 638 2412 factam,
665 2370 795 2402 ratam
828 2357 1024 2401 habentes
1056 2369 1176 2415 atque
1203 2369 1378 2416 gratam,
1404 2356 1609 2414 prefatum

122 2430 343 2474 dominum
377 2431 672 2474 Borzislau
687 2445 754 2482 m,
780 2429 998 2482 decanum,
1021 2429 1070 2472 ad
1094 2429 1332 2472 ulteriorem
1357 2428 1609 2471 solutionem

123 2512 270 2545 annate
295 2501 392 2545 dicti
418 2501 639 2544 decanatus
665 2500 846 2558 predicte
873 2515 957 2543 non
983 2501 1114 2542 teneri
1140 2499 1397 2542 declaramus
1425 2513 1494 2555 per
1520 2513 1613 2555 pre-

124 2583 274 2626 sentes,
302 2571 543 2615 mandantes
576 2582 791 2629 propterea
817 2570 1120 2613 venerabilibus
1146 2571 1246 2613 viris
1271 2570 1455 2613 dominis
1488 2570 1529 2611 in
1556 2570 1613 2611 ci-

123 2644 249 2686 vitate
290 2654 330 2686 et
361 2642 518 2686 diocesi
560 2643 752 2686 Plocensi
796 2643 949 2685 iurium
981 2641 1088 2685 dicte
1119 2657 1282 2684 camere
1319 2641 1531 2683 collectori
1573 2651 1613 2682 et

125 2712 425 2766 succollectori,
457 2713 648 2771 quatinus
680 2711 838 2755 dictum
878 2711 1100 2755 dominum
1145 2711 1492 2754 Borzislaum
1538 2724 1613 2767 pro

126 2794 272 2827 annata
304 2799 375 2826 seu
408 2783 555 2827 mediis
598 2783 798 2826 fructibus
840 2783 963 2840 primi
1007 2783 1102 2825 anni
1147 2782 1339 2839 predictis
1383 2781 1613 2823 nullatenus

126 2865 289 2907 vexent,
314 2855 542 2913 inquietent
567 2855 633 2897 vel
667 2854 901 2897 molestent.
928 2854 975 2896 In
1001 2868 1182 2911 quorum
1209 2864 1286 2896 etc.
1314 2853 1470 2895 Datum
1499 2852 1614 2895 Con-

127 2926 287 2978 stantie‚
320 2925 530 2983 provincie
563 2924 910 2982 Maguntinensis‚
944 2922 1020 2967 sub
1053 2937 1161 2966 anno
1188 2923 1365 2966 Domini
1387 2921 1613 2966 millesimo
