2201 3554
587 428 650 467 11.
682 423 888 479 Episcopus
922 418 1257 462 ll'lmiislavicnsis
1285 426 1352 474 per
1379 431 1520 458 manus
1547 414 1747 457 Anthonii
1780 411 1911 454 Iacoln'
1934 412 1978 452 ‘et

496 495 600 552 Doffi
631 495 675 536 dc
708 493 854 546 Spinis,
888 498 1142 533 mercasorum
1177 487 1508 537 Florentinorum,
1539 485 1652 528 solvit
1682 484 1895 526 servitium.

1362 595 1519 644 Romae,
1552 594 1576 634 8
1610 591 1722 634 Iunii
1759 603 1883 645 1402.

582 694 783 735 Henricus
817 704 894 734 etc.
927 690 1036 747 quod
1070 717 1127 721 —
1160 688 1422 738 Iohannes,
1467 687 1544 728 Dei
1588 686 1716 742 gratia
1755 683 1973 740 episcopus

494 764 848 807 W'ladislaviensis
871 777 944 819 pro
967 772 1079 818 parte
1101 761 1224 817 partis
1246 760 1307 802 sui
1332 758 1569 801 communis
1592 756 1752 799 servicii
1776 755 1853 796 281
1879 752 1972 796 flor.

492 836 577 877 auri
611 834 660 877 de
693 848 854 876 camera
898 832 972 874 sol.
1014 844 1061 873 12
1096 842 1135 873 et
1167 830 1260 873 den.
1297 837 1388 871 ...¹
1427 838 1593 870 monete
1629 827 1818 869 Romane
1851 822 1973 866 nobis

490 917 529 947 et
561 920 635 961 pro
662 915 773 960 parte
806 903 931 960 partis
964 903 1084 944 unius
1113 902 1233 943 :tiam
1269 901 1332 942 sui
1366 899 1511 941 minuti
1547 897 1701 940 servitii
1739 896 1788 937 16
1815 893 1973 947 similes

490 974 580 1017 flor.
616 975 690 1016 sol.
730 987 778 1028 27
813 973 905 1015 den.
941 985 964 1014 2
998 983 1037 1014 et
1069 970 1180 1013 obol.
1213 981 1400 1026 tempore
1432 967 1570 1012 debito
1604 981 1675 1024 per
1709 980 1856 1008 manus
1894 978 1972 1007 no-

490 1045 634 1088 bilium
669 1045 855 1087 virorum
890 1042 1129 1085 Anthonii
1173 1040 1337 1083 Iacobi
1371 1050 1410 1082 et
1443 1038 1581 1081 Doffi
1614 1037 1664 1080 de
1697 1036 1863 1093 Spinis
1907 1049 1975 1077 so-

489 1116 644 1159 cietatis
688 1126 971 1157 mercatorum
1000 1113 1336 1155 Florentinorum
1363 1111 1468 1153 solvi
1497 1109 1590 1152 fecit
1617 1135 1673 1140 —-
1706 1109 1862 1150 Datum
1890 1106 1977 1149 Ro-

490 1202 582 1229 mae
622 1199 728 1242 1402
762 1185 827 1228 die
860 1186 883 1227 8
919 1184 1074 1227 mensis
1107 1183 1213 1225 Iunii
1245 1196 1354 1224 anno
1387 1181 1500 1223 XIII.

584 1280 662 1315 Obl.
689 1288 722 1314 et
750 1281 810 1314 sol.
843 1289 883 1325 59
910 1278 929 1313 f.
963 1276 1046 1324 129'.
1072 1298 1118 1302 —
1144 1277 1185 1311 In
1212 1278 1381 1322 margine:
1409 1275 1569 1321 Episcopi
1597 1272 1914 1308 wladislaviensis.

582 1401 647 1441 12.
682 1397 889 1454 Episcopus
925 1395 1145 1439 Culmensis
1181 1409 1250 1452 per
1282 1408 1423 1436 manus
1466 1391 1674 1434 Laurentii
1706 1391 1750 1433 de
1783 1388 1975 1442 Albertis,

493 1469 712 1511 nmrcatoris
747 1468 976 1518 Florentini,
1012 1466 1125 1508 solvi!
1155 1465 1354 1508 servitium
1390 1479 1604 1506 commune.

1346 1573 1504 1625 Romae,
1538 1585 1592 1626 27
1625 1570 1723 1612 Iulii
1760 1581 1884 1624 1402.

580 1671 782 1712 Henricus
809 1680 884 1711 etc.
912 1667 1024 1725 quod
1045 1696 1098 1699 —-
1121 1666 1391 1719 Arnoldus‚
1426 1667 1505 1708 Dei
1538 1666 1666 1723 gratia
1692 1664 1844 1707 electus
1872 1662 1975 1706 Cul-

493 1742 645 1784 mensis
678 1756 752 1798 pro
778 1740 893 1783 totali
916 1739 1121 1782 solutione
1144 1739 1206 1780 sui
1230 1739 1468 1780 communis
1493 1737 1647 1779 servitii
1671 1747 1747 1779 etc.
1775 1749 1793 1791 3
1806 1748 1857 1791 5ο
1879 1733 1972 1777 flor.

490 1813 577 1854 auri
610 1808 658 1854 de
692 1826 854 1854 camera
887 1809 1006 1853 nobis
1040 1821 1079 1852 et
1111 1824 1185 1866 pro
1210 1809 1326 1851 totali
1359 1808 1564 1851 solutione
1597 1808 1719 1850 unius
1752 1806 1873 1848 etiam
1910 1805 1973 1847 sui

491 1883 639 1924 minuti
672 1882 826 1924 servitii
854 1892 929 1923 etc.
960 1894 1008 1936 31
1040 1880 1196 1922 similes
1228 1878 1318 1922 flor.
1347 1878 1422 1921 sol.
1450 1891 1507 1934 40
1535 1889 1573 1920 et
1598 1877 1691 1920 den.
1725 1891 1770 1919 11
1803 1886 1973 1919 monete

492 1953 680 1996 Romane
702 1964 889 2009 tempore
911 1951 1049 1994 debito
1072 1965 1143 2008 per
1164 1965 1310 1993 manus
1331 1977 1389 1980 —
1411 1949 1644 1992 Iohannis
1675 1948 1731 1991 de
1765 1948 1973 2004 Campo,

490 2024 767 2080 procuratoris
800 2022 1000 2079 generalis
1025 2020 1182 2064 ordinis
1215 2030 1353 2062 sancte
1376 2020 1510 2062 Marie
1532 2019 1911 2069 Theutonicorum,
1933 2027 1973 2059 et

490 2094 743 2136 Laurentii
777 2091 826 2136 de
857 2091 1078 2134 Albertis
1113 2103 1150 2134 et
1183 2092 1394 2134 sociorum
1428 2090 1737 2132 merchatorum
1768 2088 1973 2131 Florenti-

489 2180 655 2217 norum,
679 2165 784 2206 solvi
818 2163 912 2205 fecit
939 2174 1014 2205 etc.
1048 2163 1112 2205 De
1143 2161 1290 2219 quibus
1322 2172 1398 2203 etc.
1426 2148 1476 2203 In*
1497 2175 1677 2218 quorum
1709 2170 1785 2202 etc.
1813 2159 1972 2201 Datum

490 2235 542 2293 [a.
577 2234 703 2293 1402]
735 2233 800 2277 die
836 2247 886 2290 27
922 2234 1076 2276 mensis
1108 2232 1201 2275 Iulii
1234 2247 1344 2274 anno
1377 2231 1493 2273 XIII.

585 2329 690 2362 Arch¹
710 2328 788 2362 Vat.
808 2327 887 2362 Obl.
906 2336 940 2362 et
961 2329 1023 2362 sol.
1048 2337 1087 2373 59
1109 2326 1129 2360 f.
1154 2325 1237 2370 131'.
1258 2347 1300 2351 —
1322 2325 1362 2359 In
1384 2327 1536 2371 margine
1546 2338 1554 2359 .·
1581 2325 1741 2371 Episcopi
1761 2324 1972 2359 Culmensis.

582 2449 645 2489 13.
681 2446 888 2503 Episcopus
924 2444 1144 2487 Culmensis
1182 2453 1249 2501 per
1293 2458 1435 2486 manus
1477 2443 1685 2485 Laurentii
1721 2442 1765 2485 de
1799 2441 1974 2485 Albertis

488 2517 598 2560 solvit
631 2517 848 2559 servitium.

1338 2585 1494 2635 Romae,
1532 2586 1586 2626 28
1620 2583 1720 2626 Iulii
1755 2596 1880 2639 1402.

578 2682 780 2724 Henricus
814 2692 889 2723 etc.
923 2680 1032 2737 quod
1068 2708 1120 2712 -
1154 2679 1379 2732 Arnoldus‚
1408 2681 1486 2722 Dei
1520 2681 1647 2736 gratia
1681 2679 1836 2722 electus
1870 2678 1974 2722 Cul-

491 2754 646 2795 mensis
678 2767 752 2809 pro
777 2752 891 2794 totali
924 2752 1131 2794 solutione
1157 2751 1395 2794 communis
1422 2762 1461 2793 et
1487 2752 1749 2794 minutorum
1775 2749 1972 2792 servicio-

586 2912 595 2929 1
624 2904 664 2938 Ιιι
693 2905 767 2939 MS.
794 2905 879 2939 deest
905 2916 1058 2939 numerus
1083 2905 1307 2939 denariorum.
