2201 3554
835 341 1034 381 -5—

281 440 424 482 Primo
462 456 560 483 vero
602 442 642 483 in
686 439 860 482 salutare
902 439 1038 480 anime
1080 454 1151 480 sue
1192 437 1421 480 remedium
1467 452 1671 479 camerani

191 525 309 552 suam
350 525 583 566 pannorum
616 511 722 553 circa
761 523 967 552 cameram
1014 509 1129 550 Pauli
1170 508 1354 551 Nutricis
1399 519 1438 550 et
1480 510 1503 550 6
1546 523 1672 549 marc.

191 595 338 624 census
381 582 504 623 annui
538 593 577 624 et
618 581 799 637 terragii,
830 595 955 637 quem
1003 594 1123 636 super
1157 578 1284 621 fundo
1316 577 1468 621 domus
1512 579 1672 620 Nicolai

191 649 364 694 Beidner
396 651 436 693 in
470 651 598 707 platea
636 651 834 693 Sutorum
880 650 953 691 site
987 649 1134 691 habere
1165 648 1421 705 dignoscitur
1453 662 1528 704 pro
1561 648 1675 700 altari

191 719 233 762 in
276 719 482 763 honorem
523 732 762 763 sanctorum
795 719 994 762 Anthonii
1031 719 1298 763 Confessoris
1330 730 1368 762 et
1409 719 1518 761 alme
1550 720 1676 771 virgi-

191 791 254 833 nis
287 790 500 834 Dorothee
532 807 577 834 ac
611 792 806 848 martyris
839 791 887 834 ad
921 802 1058 833 taxam
1099 793 1146 833 16
1181 806 1307 833 marc.
1341 802 1380 833 et
1416 790 1602 833 valorem
1635 791 1674 832 in

189 861 359 904 ecclesia
391 862 614 919 parochiali
653 863 799 905 Sancte
832 863 963 904 Marie
996 863 1183 919 Virginis
1225 876 1389 919 semper
1422 862 1603 917 gloriose
1636 863 1675 903 in

191 932 394 976 Cracovia
421 945 607 976 erecturo
631 935 716 976 sive
739 933 935 990 erigendo
960 933 1130 975 feliciter
1152 944 1442 975 constructuro
1465 933 1550 974 sive
1578 948 1677 974 con-

189 1003 400 1055 struendo,
433 1005 550 1046 cuius
583 1004 756 1047 collacio
778 1031 835 1035 ——
857 1003 904 1046 ad
939 1004 1131 1046 consules
1165 1004 1340 1046 civitatis
1370 1003 1675 1053 cracoviensis,

189 1089 297 1117 nunc
329 1086 369 1117 et
401 1090 475 1132 pro
507 1086 694 1132 tempore
727 1076 961 1127 existentes,
994 1086 1190 1131 perpetuo
1217 1075 1418 1131 pertinere
1443 1073 1600 1126 debeat,
1627 1074 1676 1117 de

186 1159 270 1202 quo
302 1145 416 1188 altari
449 1145 629 1202 providit
661 1145 708 1188 ad
743 1161 909 1203 presens
941 1145 1116 1188 domino
1146 1146 1269 1188 Petro
1297 1145 1506 1202 capellano
1531 1156 1570 1187 et
1602 1160 1675 1186 no-

186 1216 290 1258 tario
323 1231 412 1258 suo.
447 1216 635 1258 Domum
668 1231 768 1258 vero
802 1231 918 1258 suam
953 1214 1153 1273 lapideam
1192 1217 1234 1257 in
1276 1216 1361 1257 acie
1395 1215 1536 1257 circuli
1569 1216 1675 1257 circa

186 1287 448 1346 Powsuange
491 1289 628 1336 sitam,
662 1288 798 1331 valido
833 1289 923 1330 viro
955 1288 1130 1331 domino
1173 1288 1362 1344 Spitkoni
1408 1287 1587 1344 palatino
1631 1303 1674 1329 ac

187 1360 400 1416 capitaneo
427 1360 712 1412 cracoviensi,
740 1371 782 1402 ut
814 1375 885 1416 per
911 1360 1047 1416 ipsum
1074 1375 1120 1402 ac
1146 1359 1300 1401 electos
1327 1360 1528 1416 presentis
1553 1370 1677 1402 testa-

188 1431 317 1473 menti
349 1442 590 1474 executores
617 1430 879 1487 infrasciptos
905 1431 1024 1473 alicui
1059 1432 1139 1473 civi
1173 1430 1294 1473 vendi
1327 1429 1470 1473 debeat
1491 1439 1500 1456 ¹
1536 1441 1575 1472 et
1602 1445 1676 1487 pro

188 1501 427 1550 huiusmodi
465 1502 636 1559 pecunia
677 1517 824 1544 census
862 1507 911 1544 16
945 1516 1072 1544 marc.
1115 1513 1334 1559 perpetuus
1376 1503 1604 1558 comparari
1639 1513 1678 1543 et

187 1571 237 1616 de
268 1572 417 1615 eodem
460 1588 585 1615 censu
624 1574 672 1615 16
706 1588 831 1616 marc.
874 1573 999 1616 altare
1031 1574 1156 1615 etiam
1194 1585 1433 1616 sanctorum
1474 1572 1676 1615 Anthonii

189 1642 456 1686 Confessoris
488 1655 528 1686 et
561 1643 675 1686 beate
708 1643 922 1686 Dorothee
955 1644 1128 1701 virginis
1170 1644 1212 1686 in
1244 1644 1414 1686 ecclesia
1454 1643 1677 1700 parochiali

188 1714 439 1758 Sanctorum
473 1714 682 1759 Omnium
728 1716 770 1757 in
802 1715 966 1757 civitate
1012 1715 1282 1758 Cracoviensi
1324 1715 1449 1757 etiam
1492 1713 1541 1757 de
1585 1726 1676 1756 taxa

193 1786 242 1828 16
287 1800 413 1828 marc.
456 1786 559 1842 erigi
603 1797 643 1828 et
686 1787 886 1839 construi,
924 1787 1040 1828 cuius
1084 1785 1248 1828 collatio
1281 1813 1338 1817 ——
1380 1786 1458 1842 ipsi
1501 1784 1675 1828 domino

186 1855 376 1913 Spitkoni
409 1871 455 1899 ac
488 1858 572 1899 suis
606 1858 781 1913 posteris
815 1857 1094 1914 legitimisque
1127 1855 1435 1900 successoribus
1473 1857 1676 1913 perpetuis

185 1924 306 1969 debet
336 1927 540 1984 pertinere
572 1927 830 1984 temporibus
864 1955 920 1959 —-
953 1928 1063 1985 quod
1096 1928 1220 1970 etiam
1253 1928 1378 1970 altare
1409 1928 1584 1970 domino
1611 1927 1676 1969 lo-

185 1996 311 2040 hanni
343 1998 586 2055 presbytero
613 1997 766 2041 domus
800 2014 871 2041 sue
897 2010 936 2041 et
966 1999 1129 2042 medico
1155 2000 1394 2055 assignavit,
1422 1997 1675 2055 superfluum

185 2083 287 2111 vero
309 2069 480 2125 pecunie
501 2067 652 2111 domus
681 2068 874 2126 predicte,
899 2070 929 2112 si
953 2084 1031 2126 que
1060 2070 1164 2112 ultra
1191 2071 1447 2126 emptionem
1479 2071 1527 2112 16
1549 2084 1675 2112 marc.

186 2153 333 2181 census
366 2139 491 2182 annui
523 2138 693 2196 predicti
728 2139 987 2196 superfuerit,
1020 2140 1148 2196 ipsius
1186 2140 1393 2196 Spitconis
1426 2140 1676 2182 conscientie

187 2209 514 2253 recommendat.

276 2281 464 2324 Preterea
509 2295 573 2323 res
606 2296 756 2323 omnes
800 2296 894 2324 suas
927 2280 1117 2324 videlicet
1152 2292 1299 2332 veste&
1332 2281 1470 2338 pelles,
1503 2281 1675 2337 pellicia,

187 2361 321 2408 togas,
359 2366 538 2403 mensas,
571 2351 707 2404 cistas,
753 2351 997 2394 lectisternia
1037 2367 1081 2394 ac
1126 2353 1267 2394 onmia
1310 2351 1594 2394 universaliter
1638 2363 1676 2393 et

188 2421 347 2479 singula
373 2421 687 2480 quibuscunque
719 2424 952 2466 vocitentur
983 2421 1239 2474 nominibus,
1267 2423 1388 2465 nullis
1420 2423 1582 2480 penitus
1608 2438 1676 2464 ex—

186 2494 329 2550 ceptis,
356 2494 397 2535 in
419 2493 594 2550 predicta
623 2493 768 2546 domo,
794 2509 919 2551 quam
948 2493 1159 2547 inhabitat,
1185 2495 1404 2537 existentes
1428 2509 1473 2536 ac
1500 2494 1676 2536 existen-

283 2642 290 2660 ¹
313 2635 367 2680 Cf.
390 2636 676 2683 Krzy’ianowski,
692 2638 780 2672 Acta
797 2637 992 2671 Scabinalia
1013 2637 1223 2672 Cracovien.
1239 2649 1270 2683 p.
1289 2647 1367 2678 221,
1382 2649 1433 2671 nr.
1458 2647 1555 2681 1720.
1579 2637 1674 2671 «Do-

187 2695 302 2729 minus
333 2695 436 2730 Sulco
469 2697 613 2731 nomine
648 2697 886 2742 procuratorio
912 2718 954 2722 —
984 2697 1075 2731 Petri
1103 2718 1148 2721 —
1172 2697 1325 2742 episcopi
1360 2706 1393 2731 et
1424 2717 1467 2721 —
1500 2697 1675 2742 Spitkonis

186 2754 342 2800 pallatini
369 2762 403 2788 et
429 2755 600 2801 capitanei
627 2755 870 2790 Cracoviensis
895 2764 1122 2790 executorum
1152 2777 1194 2781 —
1222 2756 1343 2790 ultime
1377 2756 1566 2790 voluntatis
1593 2767 1675 2790 con-

187 2813 269 2847 dam
296 2813 420 2848 famosi
447 2814 511 2848 viri
538 2815 672 2849 domini
706 2814 951 2849 Gothisridi
985 2815 1230 2849 Fattinanti
1262 2815 1310 2849 de
1345 2815 1491 2856 lanua,
1525 2815 1673 2861 supparii

188 2873 270 2906 salis
295 2874 467 2917 generalis
497 2874 638 2909 Bochne
664 2883 697 2909 et
723 2875 929 2916 Weliczcze,
951 2895 994 2900 -
1021 2875 1165 2909 domum
1193 2876 1343 2909 condam
1369 2876 1523 2909 eiusdem
1551 2875 1676 2909 Gothi-

188 2930 279 2973 frmi,
301 2932 395 2966 ‘circa
422 2932 613 2967 Iohannem
641 2933 836 2980 Puswange
862 2954 907 2958 —
933 2934 1063 2978 Caspar
1090 2934 1211 2979 Krugil
1239 2954 1281 2959 —
1309 2934 1548 2979 resignavit».
