2201 3554
1144 343 1363 384 -η,

501 436 556 476 sic
592 435 720 476 leonis
764 435 1017 490 generositas
1049 445 1089 476 et
1121 435 1241 491 vigor
1274 434 1572 491 imperterritus
1616 431 1807 475 animalia
1840 440 1985 473 cuncta

502 506 623 561 preit·‚
657 517 693 546 et
728 506 830 546 sicut
864 519 932 547 rex
961 506 1016 547 sic
1051 505 1115 547 leo
1148 503 1342 547 adversus
1375 503 1600 547 imbecilles
1633 514 1672 545 et
1704 501 1875 545 timidos
1907 500 1988 543 cle-

503 577 807 617 mentissimum
837 592 878 618 se
906 575 1083 618 ostendit
1111 587 1149 618 et
1176 575 1371 618 adversus
1398 576 1604 632 inquietos
1632 585 1671 616 et
1697 572 1881 616 tumidos
1907 583 1990 614 ter-

502 644 658 687 ribilem
694 660 736 686 se
774 645 895 687 offert
939 645 1297 688 animmlversione
1341 646 1578 688 iustissima.
1613 645 1819 701 Dignetur
1863 643 1990 699 igitur

505 717 649 758 Vestra
682 716 886 759 Serenitas
920 717 1212 759 munusculum
1249 717 1326 759 hoc
1359 728 1566 773 gratanter
1599 717 1804 772 suscipere
1837 725 1877 756 et
1903 728 1987 756 non

505 802 588 828 rem
625 788 793 829 missam
829 787 897 830 sed
933 788 1132 830 mittentis
1170 787 1434 831 affectionem
1477 788 1691 844 inspicere.
1727 786 1830 829 Sunt
1873 784 1986 827 enim

503 859 612 899 cives
646 859 788 908 nostri,
823 859 1046 901 maiestatis
1089 857 1273 901 eiusdem
1315 858 1575 902 devotissimi
1614 858 1850 908 servitores,
1883 870 1988 913 quos

503 930 543 970 in
570 944 698 985 regno
726 940 864 971 vestro
891 928 1119 986 dignemini
1147 931 1391 987 opportunis
1419 928 1629 972 favoribus
1663 927 1856 986 prosequi
1882 936 1922 969 et
1948 926 1990 969 in

503 999 715 1042 eventibus
747 999 1076 1059 quibuscumque
1110 1002 1315 1058 suscipere
1348 1002 1647 1044 recommissos
1680 1012 1719 1043 et
1750 999 1856 1041 inter
1887 997 1990 1040 alios

503 1071 812 1114 Leonardum
865 1072 1051 1115 Bartoli
1098 1072 1153 1116 de
1204 1073 1476 1124 Florentia,
1522 1072 1800 1114 monetarium
1843 1069 1993 1112 Vestre

504 1142 750 1185 Clementie.
786 1144 987 1196 Preterea‚
1015 1159 1111 1186 cum
1144 1142 1296 1187 nobilis
1329 1144 1392 1185 vir
1423 1143 1619 1186 dominus
1664 1143 1838 1184 Petrus
1881 1140 1993 1183 Bic-

504 1213 777 1256 chierarius
797 1214 854 1272 (s)
872 1213 927 1257 de
964 1215 1191 1257 Venetiis
1234 1215 1275 1257 in
1292 1215 1441 1257 vestris
1459 1213 1611 1256 finibus
1629 1213 1823 1271 pecunias
1842 1210 1992 1254 multas

505 1285 681 1341 recipere
714 1284 855 1328 debeat
879 1297 918 1327 et
939 1286 1014 1328 alia
1043 1287 1206 1343 negotia
1238 1285 1423 1345 habe[a]t
1449 1301 1652 1336 exercere,
1677 1284 1881 1327 Maiestati
1910 1283 1995 1325 Ve-

505 1367 586 1398 stre
607 1356 876 1399 devotissime
904 1357 1196 1414 supplicamus,
1219 1368 1419 1414 quatenus
1443 1357 1634 1415 dignetur
1657 1355 1792 1399 eidem
1818 1355 1994 1399 domino

506 1427 628 1468 Petro
660 1438 744 1469 tam
768 1443 891 1484 super
918 1429 1129 1471 exactione
1152 1427 1354 1471 dictarum
1379 1429 1646 1486 pecuniarum
1674 1442 1799 1484 quam
1829 1427 1870 1469 in
1904 1425 1994 1469 aliis

506 1499 589 1540 suis
639 1497 968 1556 quibuscumque
1017 1500 1193 1556 negotiis
1241 1511 1497 1557 opportunos
1546 1498 1708 1542 favores
1756 1496 1994 1555 impendere

506 1569 657 1610 iustitia
691 1569 910 1622 mediante,
933 1569 1043 1627 quod
1071 1569 1191 1612 nobis
1219 1569 1267 1613 ad
1301 1570 1508 1627 singulare
1541 1569 1839 1627 beneplacitum
1871 1567 1997 1610 ascri-

507 1638 674 1690 bemus3
717 1655 812 1682 nam
861 1651 971 1683 tanta
1004 1652 1064 1683 est
1097 1640 1368 1684 conformitas
1416 1643 1522 1684 inter
1554 1641 1710 1683 illustre
1758 1638 1994 1682 dominium

507 1711 764 1753 Venetorum
788 1722 826 1753 et
848 1710 1080 1754 dominium
1108 1712 1410 1764 Florentinum,
1433 1711 1543 1770 quod
1567 1713 1748 1755 Venetos
1775 1710 1995 1754 dilectione

506 1793 544 1823 et
577 1782 741 1824 caritate
761 1782 1037 1825 'Florentinos
1069 1798 1141 1840 per
1173 1785 1314 1826 onmia
1354 1794 1604 1840 reputamus.
1640 1784 1771 1840 Super
1802 1781 1994 1839 predictis

506 1853 671 1909 insuper
704 1852 811 1895 idem
845 1853 1041 1896 dominus
1086 1854 1290 1897 Iohannes
1323 1855 1594 1897 Serenitatem
1629 1855 1822 1897 Vestram
1867 1853 1996 1896 serio-

507 1924 590 1964 sius
617 1923 861 1980 alloquetur,
888 1940 1010 1981 quam
1040 1925 1215 1967 exaltare
1241 1936 1280 1967 et
1308 1940 1553 1968 conservare
1579 1925 1772 1982 dignetur
1797 1924 1994 1967 dominus

505 2005 645 2036 noster
679 1994 961 2052 Omnipotens
995 1995 1164 2039 feliciter
1197 2007 1235 2039 et
1269 1997 1458 2053 longeve.
1492 1997 1648 2039 Datum
1689 1996 1897 2039 Florentie
1928 1994 1994 2038 die

508 2078 561 2120 24
595 2066 750 2108 mensis
783 2066 870 2108 Mai
903 2069 1024 2122 1406.

600 2172 786 2214 Florentia,
813 2173 981 2207 Archivio
1007 2174 1039 2207 di
1067 2174 1175 2216 Smm,
1197 2174 1368 2220 Signoria,
1395 2175 1549 2217 Missioe,
1576 2175 1603 2208 1³
1630 2174 1750 2216 Canc„
1778 2185 1848 2220 reg.
1877 2183 1932 2219 27,
1965 2184 1991 2208 1.

598 2292 661 2332 19.
688 2289 822 2332 Petrus
849 2289 1096 2333 Bicharanus
1120 2299 1153 2333 el
1186 2291 1335 2333 Iuntlm
1359 2299 1469 2349 nepos
1500 2307 1593 2334 suns
1625 2291 1823 2334 redimunt
1851 2290 1991 2335 villam

507 2359 659 2415 Siersza
691 2374 715 2402 a
748 2360 916 2403 Pascone,
947 2361 989 2403 de
1024 2361 1244 2419 Dolnszyce
1284 2363 1435 2419 eiusque
1476 2364 1573 2406 socio
1606 2362 1674 2405 snb
1712 2363 1822 2405 certis
1859 2361 1993 2406 condi·
2024 2412 2027 2415 ,

506 2430 685 2473 tionibus.

1209 2525 1434 2578 Cracoviae,
1468 2540 1521 2583 29
1555 2527 1742 2570 Iamzarii
1776 2540 1902 2583 1409.

595 2607 776 2650 Paschek
799 2608 848 2651 de
872 2608 1092 2651 Doluszice
1114 2619 1152 2651 et
1175 2608 1393 2662 Iohannes,
1411 2609 1633 2652 advocatus
1656 2609 1705 2653 de
1730 2609 1991 2663 Mislimicze,

505 2678 647 2720 villam
673 2679 859 2735 ipsorum
886 2678 1038 2721 dictam
1072 2680 1099 2721 S
1108 2695 1278 2736 yrcza,
1310 2696 1435 2737 quam
1463 2696 1511 2723 ex
1538 2692 1650 2738 parte
1677 2681 1863 2738 ipsorum
1885 2679 1991 2740 apud

506 2748 752 2791 Michaelem
797 2750 990 2806 Longum
1025 2751 1157 2793 civem
1203 2751 1526 2794 Cracoviensem
1560 2753 1601 2794 in
1637 2764 1718 2794 220
1753 2752 1904 2794 marcis
1936 2751 1995 2794 la-

505 2830 643 2862 torum
677 2834 921 2875 grossorum
955 2832 995 2863 et
1031 2834 1080 2876 52
1115 2822 1266 2864 marcis
1305 2823 1543 2864 communis
1583 2823 1753 2879 pecunie
1795 2822 1992 2865 Petrus
