2201 3554
1133 294 1363 336 -.30—

505 423 624 462 esset,
658 421 697 452 et
730 411 761 451 si
795 409 906 452 dicto
938 406 1151 463 Hcynrico
1185 406 1227 448 in
1260 404 1380 447 bonis
1419 404 1523 446 meis
1555 402 1652 459 quid
1693 401 1889 445 defecerit
1931 400 1997 443 vel

505 482 648 526 cadem
683 481 789 523 bona
822 493 893 537 per
925 478 1028 520 alios
1062 475 1286 519 creditores
1330 475 1509 532 obligata
1552 473 1617 516 vel
1654 483 1848 516 arrestata
1885 472 1998 529 prius

505 562 655 603 essent,
689 561 837 593 extunc
871 548 1086 605 promitto,
1119 545 1230 604 quod
1258 547 1299 588 in
1332 546 1610 602 captivitatem
1637 544 1680 586 in
1702 542 1904 587 Cracovia
1931 541 1997 584 vel

505 625 546 665 in
580 621 692 664 Ilkus
718 621 783 662 vel
817 618 1069 675 ubicumque
1110 632 1178 659 me
1216 616 1479 659 arrestaverit
1520 614 1584 657 vel
1623 629 1712 657 esse
1739 612 1998 670 cognoverit,

507 693 604 736 volo
637 693 725 734 sine
758 691 875 733 omni
908 690 1008 732 iuris
1036 688 1209 745 strepitu
1235 688 1387 730 intrare
1419 699 1458 729 et
1489 685 1539 729 de
1571 687 1646 729 ista
1679 685 1912 742 captivitate
1929 683 1999 726 vel

506 764 714 807 solutione
743 762 945 818 recogniti
978 759 1104 803 debiti
1127 759 1316 816 superius
1339 758 1532 815 descripti
1558 757 1656 800 nolo
1680 772 1746 800 me
1772 771 1847 798 nec
1869 755 1999 798 literis

507 833 712 891 regalibus
744 848 819 875 nec
852 831 1078 889 privilegiis
1111 831 1289 873 civitatis
1315 829 1592 881 Ilkussiensis‚
1625 827 1693 870 ubi
1726 825 1855 870 modo
1896 827 1999 869 civis

506 921 614 959 sum,
648 905 713 947 vel
747 905 1048 959 cuiuscumque
1071 902 1237 945 alxerius
1264 899 1519 944 libertatibus
1551 899 1770 943 defendere
1807 897 1873 940 vel
1904 913 2000 940 eva—

506 975 615 1029 dere,
643 975 713 1019 sed
747 975 989 1032 simpliciter
1022 973 1220 1016 solutioni
1253 972 1351 1016 dicti
1384 973 1468 1014 mei
1494 970 1620 1014 debiti
1643 971 1742 1013 volo
1769 983 1911 1027 parere
1931 969 1998 1012 vel

507 1058 653 1105 sponte
680 1047 866 1104 captivus
893 1061 983 1088 esse
1017 1059 1146 1102 usque
1179 1042 1227 1087 ad
1261 1043 1487 1101 plenariam
1520 1041 1729 1085 dictorum
1760 1039 1999 1084 debitorum

508 1134 700 1162 meorum
735 1118 1001 1161 solutionem.
1031 1116 1081 1158 Et
1112 1115 1268 1158 solutio
1294 1115 1465 1172 pretacti
1497 1113 1622 1157 debiti
1655 1128 1740 1156 non
1772 1110 1883 1165 alibi,
1919 1111 2000 1154 nisi

507 1205 649 1233 coram
668 1188 869 1232 advocato
889 1188 1175 1239 Cracoviensi‚
1192 1187 1261 1244 qui
1280 1201 1354 1244 pro
1381 1197 1571 1243 tempore
1594 1184 1730 1236 fuerit,
1753 1199 1843 1226 esse
1864 1173 2010 1226 debet.¹

603 1274 709 1308 Arch.
736 1273 830 1307 civit.
858 1272 1062 1314 Cracoviae,
1089 1272 1178 1306 Acta
1205 1271 1394 1306 scabinalia
1425 1268 1644 1316 1419-1446,
1671 1281 1701 1314 p.
1730 1268 1784 1313 98.

600 1396 666 1437 74.
701 1392 919 1435 Arrestcztio
953 1390 1141 1433 bonorum
1188 1389 1357 1432 Antonii
1398 1389 1442 1431 de
1482 1388 1687 1431 Florentia
1721 1388 1761 1429 in
1795 1385 1915 1430 Nova
1947 1386 2000 1429 ci-

509 1464 626 1506 vitate
660 1462 853 1506 Stiriensi.

1216 1519 1442 1571 Cracoviass,
1482 1533 1533 1574 19
1571 1517 1748 1561 Octobris
1783 1529 1911 1572 1435.

600 1617 902 1661 Sententiatum
922 1627 997 1670 est,
1013 1615 1123 1674 quod
1143 1616 1348 1658 Martinus
1367 1615 1627 1671 Weyseman
1645 1613 1819 1670 probare
1839 1605 2002 1656 debebit

511 1690 617 1731 inter
649 1705 719 1731 sex
757 1689 1006 1746 septimanas
1045 1688 1092 1730 18
1138 1685 1380 1730 abdomadis
1413 1686 1487 1744 (s),
1529 1684 1641 1742 quod
1686 1686 1772 1742 ipse
1803 1685 1846 1727 in
1879 1684 2000 1728 Nova

513 1760 676 1802 civitate
699 1759 887 1802 Stiriensi
908 1759 1124 1802 arrestavit
1145 1756 1253 1800 bona
1279 1757 1453 1799 Antonii
1476 1755 1673 1798 Iohannis
1695 1754 1745 1798 de
1779 1755 2001 1808 Florentia,

511 1831 723 1889 quondam
752 1831 945 1888 suppaffi,
979 1841 1018 1873 et
1042 1845 1128 1872 non
1154 1828 1261 1872 bona
1289 1828 1461 1871 Erhardi
1486 1829 1667 1882 Cristan‚
1694 1843 1769 1886 pro
1795 1843 1874 1886 qua
1905 1841 2002 1884 pro-

512 1902 677 1945 batione
717 1901 900 1945 facienda
942 1900 1144 1944 fideiussit
1184 1901 1312 1943 Stano
1345 1899 1624 1957 Weyngarffi,
1658 1910 1697 1942 et
1729 1915 1779 1943 ex
1811 1897 2000 1952 adverso,

512 1973 622 2032 quod
657 1972 864 2016 Erliardus
892 1973 1036 2017 Cristil
1059 1973 1118 2031 (s)
1145 1974 1277 2030 ipsam
1305 1970 1440 2015 audiat
1463 1970 1768 2029 probationem,
1800 1969 2003 2014 fideiussit

513 2045 718 2089 Iohannes
750 2045 983 2088 Teschner.

609 2129 714 2163 Arch.
741 2130 834 2163 civit.
862 2128 1065 2170 Cracoffiae,
1092 2128 1180 2162 Acta
1209 2128 1396 2162 scabinalia
1428 2125 1646 2172 1419—1446,
1669 2138 1701 2172 p.
1736 2135 1810 2169 115.

606 2250 671 2291 75.
706 2247 922 2290 Evacnatio
965 2246 1102 2289 domus
1145 2245 1296 2288 Alln‘cii
1337 2245 1472 2288 Italici
1497 2253 1570 2302 pro
1603 2243 1773 2288 Nicolao
1814 2243 2003 2287 Bochsin-

517 2320 666 2362 meister
699 2320 925 2362 monetario.

1245 2376 1470 2428 Cracoviae,
1508 2390 1531 2418 2
1541 2389 1560 2431 5
1596 2375 1751 2433 Aprilis
1786 2376 1912 2431 1438.

603 2474 902 2518 Sententiatum
937 2483 997 2516 est
1029 2473 1206 2517 Nicolao
1239 2472 1594 2515 Bochsinmeister
1622 2471 1870 2525 monetario,
1892 2469 2004 2528 quod

514 2546 701 2589 evacuari
741 2547 777 2588 ci
819 2544 939 2588 debet
970 2543 1123 2587 domus
1161 2542 1312 2586 Albicii
1350 2543 1480 2586 Italici
1522 2553 1560 2585 et
1602 2544 1689 2600 ipse
1731 2557 1824 2585 cam
1864 2552 2005 2584 tenere

513 2616 634 2660 debet
666 2631 737 2674 per
768 2632 924 2659 annum
958 2626 997 2659 et
1028 2614 1153 2668 diem,
1186 2624 1377 2658 acturum
1409 2613 1584 2671 desuper
1616 2624 1792 2671 quatuor
1818 2611 2005 2670 querelas

513 2687 741 2739 iudicialcs;
774 2688 817 2729 in
840 2702 960 2730 causa
982 2702 1098 2738 vero,
1124 2685 1236 2744 quod
1257 2685 1403 2743 aliquis
1431 2685 1603 2728 alicuius
1630 2683 1804 2727 eandem
1826 2682 2005 2726 domum

514 2759 692 2801 voluerit
715 2759 953 2810 convenire,
977 2768 1126 2799 extunc
1147 2758 1233 2813 ipse
1256 2755 1442 2799 Albicius
1466 2756 1737 2813 propinquior
1770 2770 1860 2798 esse
1885 2752 2007 2798 debet
2041 2791 2044 2793 i

516 2829 563 2873 ad
597 2829 838 2873 huiusmodi
871 2829 1210 2872 conventionem.

614 2913 717 2946 Arch.
746 2913 838 2946 civit.
866 2912 1070 2954 Cracoviae,
1098 2912 1187 2945 Acta
1213 2911 1401 2946 scabinalia
1433 2911 1650 2956 1419-1446,
1678 2923 1708 2956 p.
1740 2909 1815 2954 156.
