2201 3554
1115 297 1346 340 -42-

492 400 602 443 chael
635 399 684 442 de
718 397 865 449 Czirla,
899 395 1219 439 Bartliolomeus
1251 395 1301 439 de
1335 395 1490 446 Gorka,
1515 392 1780 436 Tlieodricus
1813 393 1976 450 Weyn-

491 471 590 522 rich,
613 470 816 512 Iohannes
843 466 1147 523 Sweydniczer,
1171 467 1436 509 Hermannus
1470 464 1595 508 Wolf
1615 476 1653 507 et
1676 464 1899 508 Tilmanus
1925 463 1976 507 de

492 541 640 592 Brut-li,
674 540 882 582 venientes
913 536 1060 581 deinde
1093 537 1202 580 idern
1235 552 1305 579 sex
1337 535 1478 579 arbitri
1505 551 1576 578 seu
1598 534 1833 578 amicabiles
1859 550 1978 578 corn-

492 613 694 669 positores
727 608 773 652 ad
807 609 1036 651 sessionem
1070 618 1258 650 nostram
1291 607 1569 660 consularem,
1602 622 1698 649 cum
1726 605 1776 649 de
1803 605 1976 663 singulis

493 682 712 739 propositis
745 678 969 722 earundem
1002 678 1180 735 partium
1214 678 1330 735 plena
1362 679 1534 720 rationis
1577 677 1839 734 indagatione
1877 691 1978 719 con-

491 754 712 810 gruissent,
737 751 919 793 fecerunt
952 749 1211 806 solempnem
1244 750 1624 806 pronuntiationem
1658 748 1916 791 arbitrariam
1938 757 1978 790 et

493 824 843 881 compositionem
875 822 979 863 inter
1011 830 1144 877 partes
1189 820 1390 877 predictas
1428 835 1549 877 super
1582 817 1777 863 omnibus
1811 829 1979 862 contro-

493 896 638 938 versiis
656 906 693 937 et
711 891 1026 944 obiectionibus,
1039 906 1320 948 qu···scumque
1339 907 1418 934 una
1436 907 1528 948 pars
1547 901 1818 948 proposuerat
1835 901 1980 933 contra

493 966 627 1018 aliani,
646 976 684 1007 et
707 963 878 1006 candem
903 962 1284 1019 pronuntiationem
1303 961 1424 1005 ambe
1446 973 1581 1019 partes
1600 960 1831 1019 supradicte
1853 959 1978 1004 libera

492 1037 704 1079 voluntate
736 1044 1048 1091 assumpserunt
1074 1043 1114 1076 et
1134 1033 1178 1075 in
1199 1032 1395 1076 omnibus
1428 1034 1512 1076 suis
1545 1033 1707 1090 punctis
1734 1043 1774 1075 et
1799 1031 1980 1074 articulis

493 1122 655 1150 servare
688 1106 968 1164 promiserunt
995 1102 1069 1147 sub
1097 1119 1199 1161 pena
1223 1119 1250 1160 4
1277 1104 1443 1147 milium
1466 1103 1738 1156 florenorum,
1761 1114 1883 1160 prout
1903 1102 1980 1146 hec

493 1178 633 1220 onmia
655 1178 698 1220 in
720 1176 864 1219 litteris
898 1175 1195 1231 recognitionis
1227 1186 1368 1217 nostre
1390 1174 1440 1218 de
1463 1175 1602 1232 lingua
1627 1174 1836 1217 teutonica
1861 1173 1981 1231 plene

493 1260 532 1291 et
563 1246 696 1291 lucide
728 1247 1006 1298 continentur,
1033 1244 1087 1287 ibi
1120 1246 1231 1288 enim
1265 1256 1401 1288 totum
1434 1257 1623 1288 tenorem
1655 1245 1766 1287 illius
1798 1259 1982 1303 pronun-

494 1318 677 1361 tiationis
710 1315 761 1360 de
791 1315 920 1359 verbo
953 1315 1001 1358 ad
1035 1315 1212 1358 verbum
1240 1316 1505 1368 inseruimus,
1533 1317 1601 1369 ita,
1625 1326 1668 1358 ut
1694 1330 1837 1358 coram
1860 1313 1982 1358 nobis

494 1390 595 1431 lecta
629 1399 690 1431 est
723 1402 918 1430 sermone
960 1387 1173 1429 teutonico
1210 1397 1249 1429 et
1281 1387 1490 1444 utrimque
1521 1403 1544 1430 a
1576 1386 1768 1444 predictis
1801 1384 1983 1444 partibus

495 1459 728 1517 approbata,
762 1458 827 1501 hic
861 1472 960 1500 vero
993 1468 1195 1514 quantum
1227 1456 1277 1500 ad
1310 1472 1440 1500 unum
1485 1457 1718 1511 articulum,
1751 1472 1831 1515 que
1862 1456 1982 1500 illum

495 1529 778 1581 decreverunt,
799 1540 883 1570 tam
908 1528 1049 1588 arbitri
1073 1529 1160 1571 sive
1183 1528 1487 1585 compositores
1507 1527 1691 1585 predicti,
1709 1543 1835 1585 quam
1857 1530 1984 1570 etiam

495 1601 615 1644 ambe
648 1612 781 1658 partes
805 1598 984 1658 predicte
1012 1611 1324 1652 consenserunt,
1352 1599 1474 1657 idque
1497 1599 1647 1642 obnixe
1668 1615 1690 1642 a
1713 1598 1835 1642 nobis
1858 1599 1985 1656 petie-

496 1684 603 1725 runt,
631 1683 674 1714 ut
706 1671 823 1714 illum
863 1670 1080 1714 articulum
1115 1671 1233 1713 iustis
1266 1669 1658 1728 rationabilibusque
1689 1670 1740 1713 de
1772 1670 1906 1713 causis
1942 1670 1986 1712 in

495 1744 667 1786 latinum
699 1754 859 1786 vertere
887 1754 926 1785 et
953 1756 1142 1784 seorsum
1176 1741 1226 1784 de
1259 1742 1346 1785 eius
1379 1754 1522 1785 tenore
1556 1740 1770 1799 perhibere
1801 1741 1986 1784 testatio-

494 1830 592 1857 nem
624 1814 907 1871 dignaremur.
941 1813 1301 1870 Recognoscimus
1333 1814 1468 1871 itaque
1499 1828 1577 1856 nos
1605 1813 1808 1870 prenotati
1835 1827 1987 1855 consu-

495 1885 567 1936 les,
595 1885 705 1942 quod
737 1886 779 1927 in
812 1895 1044 1927 memorata
1088 1885 1424 1941 pronuntiatione
1466 1884 1678 1927 arbitraria
1714 1885 1820 1927 inter
1852 1894 1985 1926 cetera

494 1956 660 2012 ponitur
693 1971 798 1998 unus
831 1955 1041 2006 articulus,
1074 1970 1198 2012 quem
1232 1955 1339 1997 ullus
1378 1955 1480 1998 alius
1525 1955 1720 1998 articulus
1763 1953 1986 2012 precedens

495 2027 559 2070 vel
587 2042 844 2084 consequens
870 2027 912 2069 in
934 2026 1079 2070 eadem
1108 2027 1443 2084 pronuntiatione
1469 2028 1511 2069 in
1538 2027 1676 2085 aliquo
1701 2026 1897 2070 diminuit
1920 2025 1987 2068 vel

495 2113 706 2156 quoquam
732 2098 829 2141 alias
856 2099 1080 2155 restringit,
1104 2099 1174 2154 qui
1200 2098 1395 2141 articulus
1419 2114 1467 2140 ex
1494 2099 1584 2156 ipso
1612 2097 1801 2154 originali
1826 2097 1870 2140 in
1896 2088 1989 2140 lati-

496 2185 597 2212 num
631 2185 774 2212 versus
807 2170 923 2227 quasi
946 2169 996 2212 de
1023 2169 1152 2212 verbo
1179 2169 1226 2212 ad
1254 2168 1430 2212 verbum
1464 2173 1523 2212 sic
1551 2180 1683 2221 sonat,
1710 2179 1750 2211 et
1776 2178 1870 2211 sunt
1901 2168 1986 2211 iam

496 2240 619 2283 verba
657 2240 908 2284 arbitrorum
951 2230 1332 2297 supradictorum:-

585 2312 721 2354 Etiam
754 2311 1001 2368 produxerat
1023 2311 1228 2354 Iohannes
1251 2311 1389 2354 Banke
1407 2325 1549 2354 coram
1587 2309 1708 2354 nobis
1733 2311 1989 2353 instrumen—

496 2392 586 2424 tum
608 2381 822 2439 publicum
846 2397 966 2439 super
992 2381 1171 2440 quadam
1203 2382 1509 2439 compositione
1542 2382 1730 2425 Venetiis
1757 2380 1863 2424 facta
1881 2381 1988 2424 inter

496 2452 633 2509 ipsum
666 2463 705 2494 et
746 2452 996 2495 Michaelem
1038 2451 1235 2494 Iohannis
1266 2451 1316 2495 de
1349 2452 1554 2495 Florentia
1599 2451 1768 2495 fratrem
1808 2451 1988 2509 supparii

498 2522 732 2581 supradicti,
759 2524 870 2581 quod
897 2525 1221 2567 instrumentum
1248 2522 1459 2581 publicum
1476 2523 1558 2567 dux
1575 2524 1847 2567 Venetiarum
1868 2524 1989 2580 vigo-

498 2609 590 2638 rose
623 2595 901 2648 confirmavit,
923 2595 966 2637 in
987 2611 1070 2653 quo
1103 2596 1346 2652 reperimus,
1372 2595 1483 2653 quod
1510 2595 1716 2638 Iohannes
1742 2595 1857 2638 Bank
1888 2609 1988 2653 que-

497 2666 626 2709 relam
659 2667 740 2724 egit
772 2667 959 2710 Venetiis
1001 2677 1145 2709 contra
1181 2665 1434 2709 Michaelem
1471 2665 1668 2709 Iohannis
1700 2665 1751 2710 de
1782 2662 1990 2709 Florentia

498 2751 573 2793 pro
610 2750 634 2792 7
672 2736 840 2779 milibus
873 2748 912 2780 et
944 2736 1131 2779 ducentis
1163 2735 1431 2794 quadraginta
1464 2752 1544 2779 una
1576 2747 1686 2779 netta
1732 2736 1846 2779 vario
1890 2735 1989 2779 alias

499 2806 747 2864 scltonwerg
769 2818 808 2850 et
829 2822 904 2864 pro
927 2805 1089 2850 duobus
1111 2805 1278 2850 milibus
1302 2807 1554 2864 sexingentis
1577 2807 1833 2865 septuaginta
1858 2805 1989 2850 tribus

499 2878 660 2921 talentis
703 2879 878 2921 cremesi
918 2878 1016 2921 alias
1049 2878 1327 2921 czirwicz.
1372 2878 1422 2921 Et
1455 2877 1598 2935 agebat
1635 2876 1746 2921 idem
1784 2876 1990 2921 Iohannes
