2201 3554
1129 295 1363 336 —23-

507 409 579 451 sibi
614 423 684 464 per
705 406 914 449 Albicium
948 405 1151 463 prefatum
1173 405 1308 449 delato
1330 419 1450 461 super
1472 405 1682 460 octoginta
1709 402 1878 446 florenis
1904 404 1991 446 auri

505 490 542 521 ct
576 492 696 534 super
723 493 792 519 sex
818 476 979 519 talentis
1012 474 1224 518 sinsiberis
1251 475 1393 518 viridis
1420 485 1459 516 ct
1484 473 1680 517 dominus
1707 473 1827 516 iudex
1854 474 1993 530 ipsum

508 548 766 591 Leonnrdum
801 547 850 590 ab
883 547 1142 604 impetitione
1169 546 1264 589 dicti
1292 545 1438 588 Albicii
1473 545 1767 587 sententialiter
1800 543 1990 588 absolvit.

601 644 728 683 lic-izei,
755 655 809 688 op.
837 643 905 683 cit,
932 654 982 675 nr.
1015 640 1114 687 1986.

593 752 661 791 43.
695 747 938 790 sl'ladislans
965 762 1032 789 rex
1055 746 1239 790 Poloniae
1259 754 1400 803 suppus
1431 744 1673 788 Wielicenses
1694 752 1727 787 et
1755 744 1994 788 Bochnenses

507 820 708 862 Anthuniu
735 828 769 862 et
800 818 1002 862 Leonam-do
1029 818 1235 869 Iohannis,
1254 817 1453 874 fratribus
1476 817 1688 873 germanis,
1719 816 1763 859 de
1790 815 1994 859 Florentia

507 890 792 941 mersatol'l'l'uff,
822 905 916 932 cum
944 888 1140 932 omnibus
1168 889 1338 941 iuribus,
1373 888 1509 931 modis
1543 899 1582 930 et
1609 886 1992 940 consuetudinibus,

506 977 600 1004 cum
634 961 781 1019 quibus
813 962 920 1018 ipsas
953 960 1082 1003 felicis
1116 961 1319 1002 memorie
1352 960 1498 1002 Petrus
1532 959 1753 1015 Pykerani,
1786 968 1994 1001 mercator

505 1031 555 1074 de
577 1032 796 1084 Wenedis,
819 1030 919 1074 dum
940 1032 1098 1073 viveret
1125 1032 1166 1072 in
1192 1030 1400 1082 humanis,
1425 1028 1579 1081 habuit,
1595 1037 1605 1055 ¹
1624 1037 1697 1086 pro
1723 1030 1865 1083 18500
1886 1042 1995 1071 mar-

506 1117 641 1145 carum.
686 1111 856 1145 monetae
897 1103 1087 1144 currentis
1127 1116 1260 1144 census
1301 1101 1431 1143 annui
1473 1101 1512 1142 in
1551 1108 1720 1157 quatuor
1761 1113 1886 1142 annos
1928 1113 1995 1152 ar-

508 1173 657 1215 l't'lldtll.

1233 1229 1498 1289 [Crura-viae}
1535 1245 1561 1285 4
1594 1229 1743 1272 Martii
1779 1242 1905 1285 1425.

601 1328 829 1362 Starodawne
856 1338 974 1373 prawa
1002 1328 1071 1373 pol.
1102 1338 1220 1372 ponm.
1249 1326 1293 1368 X,
1319 1338 1350 1372 p.
1380 1325 1506 1372 79—83‚
1532 1337 1583 1359 nr.
1615 1323 1690 1369 156.

598 1449 667 1489 44.
691 1444 823 1487 Causa
847 1445 947 1486 inter
969 1444 1007 1485 A
1014 1443 1188 1497 lln‘cium,
1221 1443 1511 1486 theloneatorem
1545 1450 1577 1485 et
1598 1442 1823 1485 Antonium
1848 1456 1996 1485 necnon
2035 1470 2037 1473 <

509 1517 760 1560 Leonclrdum
792 1516 1007 1574 sltpparior,
1039 1515 1198 1558 Italicos
1230 1516 1273 1558 de
1306 1515 1521 1558 Florentia.

1301 1622 1527 1674 cracoviae,
1562 1637 1613 1679 19
1648 1621 1746 1665 Iulii
1780 1634 1906 1678 1425.

595 1719 778 1761 Veniens
810 1718 1015 1761 Iohannes
1058 1717 1350 1776 Frensberger,
1376 1719 1562 1761 notarius
1594 1716 1755 1760 domini
1788 1716 1996 1771 Albicii,

508 1789 831 1831 theoloneatoris
849 1789 1155 1841 cracoviensis,
1179 1790 1422 1846 recognovit
1436 1815 1490 1820 -—
1508 1787 1723 1846 quomodo
1740 1787 1903 1846 providi
1922 1787 1998 1832 do-

509 1860 611 1902 mini
643 1859 831 1903 videlicet
864 1860 1181 1903 Anthonius
1215 1872 1252 1902 et
1292 1859 1611 1902 Leonardus
1657 1859 1751 1902 salis
1783 1859 1997 1916 utriusque

507 1931 685 1987 zupparii
713 1926 942 1973 ¹habuerant
973 1931 1145 1973 tricenta
1179 1931 1352 1973 stamina
1386 1931 1428 1972 in
1461 1929 1553 1973 foro
1586 1930 1722 1972 annali
1745 1930 1875 1972 sancti
1908 1929 1998 1974 Sta-

508 2001 627 2043 nislai
660 2000 837 2042 vernalis
869 2011 908 2043 et
939 2000 988 2043 de
1016 2001 1104 2043 istis
1137 1999 1383 2043 staminibus
1409 2010 1600 2043 tenentur
1633 1999 1804 2057 predicti
1835 1999 1998 2043 domini

507 2071 687 2127 zupparii
718 2070 988 2113 theoloneum
1014 2071 1056 2113 in
1088 2070 1291 2123 Bandzin3
1324 2081 1362 2112 et
1385 2070 1475 2112 talis
1502 2069 1687 2113 conditio
1710 2071 1815 2113 inter
1838 2085 1910 2113 eos
1936 2080 1999 2112 est

509 2141 626 2194 facta,
651 2141 762 2199 quod
784 2142 815 2184 si
839 2126 1007 2184 domini
1021 2142 1201 2199 zupparii
1224 2157 1308 2184 non
1336 2140 1619 2184 vendidissent
1638 2141 1795 2184 dictum
1813 2156 1997 2198 pannum

509 2213 550 2254 in
570 2210 661 2254 foro
679 2211 1027 2254 annaliCracovie
1040 2226 1114 2269 pro
1127 2222 1222 2254 tunc
1241 2211 1427 2264 durante,
1445 2227 1493 2254 ex
1511 2223 1608 2254 tunc
1626 2210 1864 2254 debuissent
1881 2211 1998 2254 theo-

508 2282 678 2324 loneum
713 2296 783 2339 per
809 2281 913 2324 duos
947 2297 1116 2339 grossos
1149 2298 1169 2324 a
1196 2281 1379 2340 quolibet
1411 2283 1589 2324 stamine
1611 2282 1861 2339 persolvere.
1883 2282 2000 2326 Tan·
2063 2296 2066 2299 ⁴

507 2352 602 2395 dem
627 2352 744 2395 finito
769 2352 861 2395 foro
883 2353 1016 2395 annali
1040 2353 1238 2395 dominus
1260 2353 1549 2396 theoloneator
1566 2353 1764 2396 dominos
1781 2353 1998 2411 zupparios

508 2423 649 2466 habuit
682 2425 915 2481 requisitos,
942 2440 992 2466 an
1025 2424 1178 2481 prefata
1212 2425 1386 2467 stamina
1420 2440 1469 2466 ex
1502 2425 1664 2481 integro
1700 2423 1998 2477 vendidissent,

508 2495 571 2538 vel
605 2511 702 2538 non.
736 2495 798 2538 Illi
831 2495 1079 2547 asserebant,
1112 2496 1221 2553 quod
1255 2497 1328 2548 sic,
1367 2496 1438 2539 sed
1475 2495 1999 2540 dominus‚,theoloneator

509 2567 548 2609 in
571 2567 807 2624 oppositum
830 2565 945 2620 dixit,
966 2566 1076 2624 quod
1100 2582 1199 2619 non,
1227 2578 1266 2609 et
1286 2582 1335 2609 ex
1366 2577 1462 2609 tunc
1485 2566 1682 2610 dominus
1705 2565 1996 2610 theoloneator

508 2637 639 2680 voluit
672 2636 810 2680 videre
844 2636 1132 2694 probationem
1165 2637 1416 2680 venditionis
1448 2638 1571 2694 panni
1604 2636 1716 2690 dicti,
1755 2649 1796 2680 et
1837 2637 1997 2680 domini

509 2708 687 2764 zupparii
715 2707 762 2750 ad
796 2707 870 2750 hec
893 2707 1206 2764 responderunt,
1230 2722 1273 2750 se
1296 2707 1518 2750 offerentes
1541 2707 1788 2764 probaturos
1809 2718 1998 2765 tempore

510 2795 552 2821 se
586 2777 633 2821 ad
662 2779 739 2821 hoc
767 2778 981 2830 offerente,
1008 2790 1046 2821 et
1079 2779 1137 2821 sic
1161 2778 1347 2835 probatio
1380 2778 1591 2835 bucusque
1614 2778 1757 2822 eadem
1782 2778 1936 2822 mansit
1955 2779 1999 2821 in

606 2928 614 2946 ¹
646 2921 698 2966 Cs.
726 2933 776 2955 nr.
806 2932 859 2966 33.
