2201 3554
1097 301 1299 342 -g-

456 416 548 457 tatis
581 429 702 457 veros
741 425 1041 471 procuratores,
1076 412 1264 464 factores,
1297 423 1455 454 actores
1487 422 1526 453 et
1560 421 1799 453 executores
1840 409 1942 466 legi-

458 487 584 528 timos
619 497 737 542 atque
769 496 903 527 certos
934 492 1001 526 etc.
1021 492 1047 525 ¹.

551 580 776 618 Piekosinski,
802 579 923 612 Codex
954 578 1119 612 ecclesiae
1144 577 1363 611 Cdthedralis
1393 576 1600 610 Cracovien.
1630 587 1655 609 s.
1684 575 1867 610 Venceslai
1901 573 1944 615 11,

459 652 488 685 p.
523 641 693 681 152-185,
723 651 774 672 nr.
806 642 880 683 390.

551 755 586 794 7.
623 751 842 806 Recognitio
874 748 990 790 debiti
1022 748 1132 790 Petri
1165 748 1333 805 Geytani
1363 746 1529 789 consulis
1566 745 1845 788 Cracoviensis.

1171 852 1394 903 meviae,
1432 854 1485 894 28
1520 853 1697 907 Augusti
1730 851 1856 907 1396.

551 946 693 987 Petrus
728 945 890 1000 Cei-tan
924 943 1052 985 nostri
1086 941 1291 984 confrater
1318 941 1477 984 consilii
1510 941 1755 997 recognovit
1787 938 1946 997 publice

460 1015 674 1058 Andree
707 1015 765 1057 de
805 1014 929 1056 Sala
961 1013 1020 1056 de
1064 1014 1312 1055 Bononia
1339 1013 1379 1054 in
1415 1025 1496 1068 322
1529 1011 1699 1054 florenis
1731 1012 1818 1054 auri
1850 1010 1946 1053 iusti

461 1098 499 1129 et
540 1087 624 1128 veri
658 1084 782 1128 debiti
828 1086 902 1127 rite
935 1096 974 1126 et
1015 1083 1309 1127 rationabiliter
1341 1083 1528 1140 obligari,
1560 1084 1808 1140 promittens
1839 1080 1948 1124 bona

461 1157 539 1200 fide
572 1158 658 1199 sine
689 1156 884 1199 dilatione
916 1154 1084 1202 eosdem
1122 1168 1202 1210 322
1236 1154 1327 1197 flor.
1361 1156 1449 1196 auri
1480 1155 1522 1196 in
1557 1154 1662 1196 festo
1695 1154 1824 1196 sancti
1866 1153 1947 1195 Mi-

461 1229 612 1272 chaelis
639 1228 888 1284 Archangeli
921 1228 1109 1283 proxime
1135 1241 1244 1268 nunc
1271 1237 1447 1268 venturo
1474 1225 1709 1282 persolvere
1741 1223 1950 1281 integrali-

462 1310 524 1341 ter
556 1310 594 1341 et
628 1313 787 1355 pagare.

559 1393 752 1426 Arcliivum
779 1393 929 1426 civitatis
955 1392 1209 1432 cracoviensis,
1236 1392 1324 1425 Acta
1352 1391 1546 1425 consularia
1584 1399 1802 1435 1392—1412,
1834 1401 1866 1435 p.
1893 1388 1948 1434 78.

465 1452 524 1485 Ed.
553 1453 710 1486 Monuni.
739 1452 843 1485 medii
871 1451 946 1485 aevi
975 1451 1097 1485 histor.
1125 1450 1184 1491 IV,
1212 1461 1243 1492 2,
1270 1462 1301 1496 p.
1333 1460 1407 1494 147.

554 1560 592 1601 8.
626 1557 757 1601 Causa
791 1561 890 1600 inter
921 1556 1239 1614 Chrislophorum
1267 1556 1309 1598 de
1342 1555 1515 1598 Ferrara
1547 1564 1581 1597 et
1610 1555 1771 1597 Petrum
1799 1554 1842 1597 de
1871 1553 1953 1596 Ca—

463 1630 566 1671 dano
600 1628 769 1671 Italicos.

1175 1686 1400 1737 &aco-viae,
1439 1686 1492 1728 16
1526 1686 1703 1741 Augusti
1735 1686 1862 1741 1398.

555 1775 590 1818 C
606 1777 682 1818 ris
697 1787 750 1817 to
767 1791 791 1832 p
805 1774 830 1816 h
844 1790 868 1817 o
882 1789 900 1816 r
915 1790 973 1817 us
1000 1775 1164 1817 Italicus
1185 1778 1236 1817 de
1264 1775 1294 1816 F
1308 1789 1391 1816 arr
1405 1774 1516 1816 aria
1533 1808 1543 1825 ,
1566 1788 1675 1816 nunc
1697 1773 1952 1831 apotecarius

465 1849 506 1890 in
536 1846 752 1898 Cracovia‚
779 1847 1067 1903 pronuntiatur
1092 1856 1317 1888 contumax
1344 1855 1485 1887 contra
1518 1845 1549 1886 P
1563 1860 1584 1886 e
1597 1855 1613 1886 t
1628 1859 1647 1886 r
1661 1860 1743 1886 um
1775 1842 1825 1886 de
1853 1843 1888 1887 C
1903 1859 1954 1886 a-

463 1918 489 1960 d
503 1933 562 1960 an
578 1933 602 1960 o
618 1953 628 1970 ‚
653 1933 761 1959 nunc
785 1916 1030 1959 familiarem
1053 1916 1213 1960 domini
1241 1915 1429 1959 Monaldi
1449 1931 1524 1972 pro
1551 1928 1601 1971 50
1623 1916 1774 1958 marcis
1797 1915 1955 1957 ratione

463 1988 722 2046 quarundam
750 2003 1021 2044 expensarum
1050 1998 1089 2030 et
1121 1988 1403 2044 impensarum
1430 1998 1469 2029 et
1494 1986 1773 2043 dampnorum
1807 1987 1849 2028 in
1873 1997 1956 2028 ter-

468 2061 584 2102 mino
618 2061 729 2102 curie
764 2060 885 2115 regis.

561 2154 744 2195 Cracovia,
763 2154 957 2187 Archivuni
976 2162 1076 2187 castr.
1095 2162 1128 2188 et
1147 2161 1298 2188 terrestr.
1317 2153 1419 2187 Liber
1437 2152 1702 2198 Colloquiorurn
1721 2151 1747 2193 I,
1765 2163 1796 2197 p.
1821 2150 1896 2196 167.
1910 2172 1957 2175 —

467 2211 528 2246 EA.
556 2212 686 2254 Helcel‚
713 2213 941 2247 Starodawne
969 2224 1086 2257 prawa
1113 2213 1291 2258 polskiego
1318 2212 1473 2258 pomniki
1500 2211 1542 2253 ΙΙ,
1568 2223 1620 2244 nr.
1649 2221 1726 2255 273.

559 2321 598 2361 9.
627 2318 856 2373 Bonifacius
882 2327 947 2376 pp.
976 2319 1042 2361 IX
1069 2319 1270 2361 Benedicto
1296 2319 1339 2360 de
1372 2318 1527 2369 Bardis,
1558 2319 1763 2361 mercatori
1793 2316 1958 2361 Floren-

470 2390 564 2440 tino,
606 2389 773 2432 concedit
810 2388 1063 2445 *facultatem
1103 2397 1292 2447 quatenus
1332 2388 1380 2431 ab
1420 2389 1586 2446 episcopo
1638 2387 1960 2431 lVladislaviensi

471 2474 585 2515 4100
620 2458 707 2511 flor.
735 2460 935 2517 percipiat.

1343 2519 1501 2570 Romae,
1539 2533 1558 2561 1⁷
1596 2518 1708 2560 Maii
1740 2531 1866 2574 1399.

562 2607 799 2650 Bonifacius
832 2619 908 2650 etc.
942 2607 1092 2650 dilecto
1120 2606 1206 2650 filio
1240 2606 1508 2650 Benedicto
1540 2605 1590 2649 de
1624 2605 1815 2660 Bardis,
1850 2622 1960 2650 mer-

471 2679 601 2721 catori
637 2678 876 2721 Florentino
911 2680 952 2720 in
986 2679 1174 2721 Romana
1207 2679 1318 2720 curia
1351 2678 1646 2729 commoranti,
1674 2677 1849 2720 salutem
1881 2689 1958 2720 etc.

568 2785 685 2826 ΙΑΙῐα,
713 2797 792 2831 quae
819 2785 1024 2831 Gottsridum
1042 2786 1247 2832 praedictum
1274 2789 1427 2831 spectant,
1455 2784 1526 2818 vide
1556 2783 1842 2830 Krzyianowski,
1871 2784 1960 2818 Acta

473 2844 679 2885 Scabinalia,
698 2846 822 2890 passim
847 2844 1058 2888 (Gottsridus
1079 2844 1232 2878 Gallicus
1250 2844 1315 2888 (!))·
1334 2848 1365 2878 et
1384 2844 1613 2878 Monumenta
1633 2843 1737 2876 medii
1759 2842 1961 2877 aevihisto-

472 2904 543 2937 rica
570 2915 623 2937 res
649 2912 762 2947 gestas
790 2904 956 2938 Poloniae
984 2904 1190 2938 illustrantia
1217 2912 1240 2937 t.
1269 2903 1316 2936 IV
1338 2904 1474 2949 passim.
