2201 3554
796 346 1000 386 -9-

159 445 270 488 Cum
294 460 422 502 nuper
444 443 665 487 venerabili
690 444 800 487 fratri
824 445 1034 496 Conrado,
1058 444 1367 502 archiepiscopo
1391 446 1639 497 Nicosiensi,

158 516 385 558 camerario
413 527 557 557 nostro
585 528 698 570 4100
726 514 815 557 flor.
843 517 929 557 auri
956 515 1006 558 de
1032 530 1194 558 camera
1228 515 1323 558 boni
1351 527 1390 558 et
1417 517 1509 558 iusti
1538 531 1640 572 pon-

157 584 265 628 deris
297 600 372 642 pro
406 584 605 628 fructibus
639 584 861 628 redditibus
895 597 933 627 et
974 585 1242 642 proventibus
1275 586 1446 628 ecclesie
1482 585 1641 628 Wladi-

158 655 385 708 slaviensis‚
418 667 513 698 tunc
559 670 629 711 per
662 654 819 697 obitum
867 654 971 698 bone
1005 657 1207 698 memorie
1242 656 1424 708 Henrici,
1458 657 1639 712 episcopi

162 725 513 769 Wladislaviensis
546 738 657 768 extra
693 726 926 769 Romanam
961 727 1117 768 curiam
1152 726 1347 779 defuncti,
1380 738 1542 783 pastore
1575 742 1640 768 ca-

156 797 297 848 rentis,
330 797 440 839 iuxta
473 796 678 853 quandam
713 796 1023 839 ordinacionem
1063 812 1133 853 per
1165 812 1242 839 nos
1275 796 1429 839 dudum
1476 796 1638 849 factam,

157 882 229 925 per
260 882 385 924 quam
420 878 553 909 certos
594 866 762 915 fructus,
798 866 978 909 redditus
1011 878 1049 909 et
1092 879 1316 924 proventus
1349 869 1539 910 omnium
1574 883 1640 910 ec-

157 938 374 981 clesiarum
403 937 695 980 cathedralium
729 949 876 980 extunc
903 939 1064 980 inantea
1094 950 1377 981 vacaturarum
1414 940 1640 981 reservavi-

158 1023 266 1061 mus,
299 1007 419 1051 nobis
452 1019 490 1050 et
523 1022 685 1050 camere
717 1007 940 1064 apostolice
972 1007 1132 1060 debitis,
1166 1008 1212 1050 ad
1248 1009 1481 1050 instantiam
1517 1024 1640 1050 vene—

158 1078 296 1121 rabilis
319 1078 453 1121 fratris
476 1079 605 1121 nostri
628 1079 790 1122 Nicolai
813 1079 1185 1131 VVladislaxiensis,
1203 1092 1300 1122 tunc
1323 1080 1639 1122 Pocznaniensis

155 1150 351 1206 episcopi,
379 1149 429 1192 de
474 1150 589 1192 cuius
609 1158 618 1175 ¹
654 1164 829 1206 persona
865 1148 971 1192 dicte
1004 1151 1176 1192 ecclesie
1209 1161 1322 1202 tunc,
1349 1162 1392 1192 ut
1425 1150 1639 1207 prefertur,

154 1231 317 1278 pastore
350 1221 516 1271 carenti,
549 1220 600 1263 de
643 1220 815 1263 fratrum
859 1232 1099 1264 nostrorum
1134 1222 1309 1263 consilio
1341 1236 1472 1278 nuper
1515 1222 1639 1264 etiam

155 1290 348 1334 duximus
391 1292 631 1334 auctoritate
664 1291 890 1348 apostolica
934 1291 1250 1348 providendum,
1286 1307 1356 1334 seu
1389 1291 1524 1334 dilecti
1567 1291 1638 1334 filii

156 1362 318 1406 Nicolai
351 1363 674 1414 Pennansconis,
701 1362 905 1405 scolastici
940 1363 1109 1405 ecclesie
1137 1363 1427 1406 Cracoviensis
1454 1360 1637 1405 eiusdem

155 1433 320 1476 Nicolai
353 1434 533 1490 episcopi
567 1433 858 1490 procuratoris,
892 1433 933 1474 in
967 1443 1179 1475 numerata
1212 1434 1383 1489 pecunia
1415 1433 1641 1475 effectuali-

155 1515 216 1546 ter
249 1503 413 1546 duxeris
444 1503 757 1560 persolvendos,
791 1519 867 1546 nos
900 1503 1187 1559 indempnitati
1220 1515 1288 1546 tue
1322 1515 1444 1560 prout
1477 1515 1538 1546 est
1569 1504 1640 1546 de-

157 1589 254 1617 cens
287 1574 504 1632 providere
530 1575 732 1627 volentes,
759 1574 831 1616 tibi
866 1574 1106 1618 huiusmodi
1133 1588 1246 1630 4¹00
1274 1574 1364 1617 flor.
1392 1586 1476 1617 tam
1511 1591 1531 1617 a
1564 1575 1640 1618 Ni-

157 1645 276 1688 colao
304 1646 500 1702 episcopo
527 1661 598 1687 seu
632 1645 809 1688 Nicolao
836 1645 1117 1688 Penansconis
1151 1657 1430 1702 procuratore,
1459 1645 1639 1702 prefatis,

155 1731 282 1773 quam
315 1716 414 1758 alias
447 1715 496 1759 ab
529 1717 723 1773 episcopo
757 1715 1092 1759 wladislaviensi
1126 1732 1199 1773 pro
1232 1727 1418 1773 tempore
1451 1717 1638 1758 existenti

157 1786 418 1845 [recipiendi]
445 1802 489 1830 ac
511 1788 623 1844 ipsos
650 1786 697 1829 ad
726 1785 965 1829 huiusmodi
993 1787 1242 1830 solutionem
1268 1786 1541 1843 compellendi
1569 1802 1639 1829 seu

156 1857 351 1915 compelli
386 1857 558 1901 faciendi
591 1858 755 1915 plenam
788 1870 827 1900 et
859 1857 1030 1900 liberam
1066 1857 1332 1900 concedimus
1374 1868 1517 1899 tenore
1550 1872 1640 1914 pre-

154 1929 333 1972 sentium
368 1928 617 1971 facultatem.
646 1929 802 1971 Datum
839 1929 974 1972 Rome
1007 1928 1111 1985 apud
1145 1940 1334 1971 sanctum
1368 1929 1535 1970 Petrum
1570 1928 1641 1970 ka-

156 1999 287 2044 lendis
319 1999 421 2043 Maii
454 1999 717 2057 pontificatus
749 2000 878 2042 nostri
912 2014 1021 2042 anno
1053 1998 1231 2059 decimo.

249 2094 335 2139 Reg.
363 2093 442 2128 Vat.
473 2093 585 2138 31612
617 2092 796 2128 111-111'.

253 2226 318 2267 10.
353 2223 550 2275 Albanus,
579 2223 715 2266 electus
745 2224 1040 2280 Poznaniensis,
1072 2231 1143 2281 pro
1184 2223 1296 2266 totali
1325 2223 1512 2266 solutione
1538 2238 1641 2266 com-

156 2295 288 2336 munis
318 2295 465 2337 servitii
497 2308 670 2336 camerae
703 2307 786 2336 200
811 2293 905 2352 flor.
939 2295 1031 2336 anri
1073 2309 1157 2336 non
1202 2293 1304 2336 facta
1345 2293 1549 2336 divisione
1590 2292 1640 2336 de

158 2365 328 2407 minutis
361 2365 539 2407 servitiis
570 2380 644 2407 nec
687 2365 822 2421 aliquo
857 2365 994 2407 soluto
1030 2379 1147 2407 sacro
1184 2365 1362 2421 collegio
1395 2373 1463 2421 per
1499 2379 1640 2407 manus

158 2435 364 2478 Benedicti
397 2434 446 2478 de
495 2435 689 2478 Bardis
735 2435 794 2478 de
844 2436 1130 2478 Florentia
1179 2447 1217 2478 et
1265 2435 1533 2478 Iohannis
1580 2434 1639 2477 de

155 2506 392 2549 Medicis
424 2505 474 2549 de
508 2506 727 2560 Florentia,
760 2507 1011 2549 solventium
1044 2506 1094 2549 de
1125 2521 1272 2549 eorum
1305 2507 1481 2563 propriis
1519 2521 1641 2563 pecu—

156 2578 236 2620 niis
269 2578 395 2634 ipsius
427 2577 586 2620 domini
618 2576 777 2620 Alberti
811 2578 942 2631 electi,
974 2579 1202 2633 assignavit.

1001 2672 1160 2723 Romae,
1195 2687 1246 2727 14
1282 2672 1392 2714 Maii
1425 2684 1549 2727 1399.

250 2767 355 2800 Arch.
375 2766 454 2801 Vat.
474 2767 553 2802 Obl.
573 2775 605 2801 et
632 2768 694 2801 sol.
718 2777 753 2810 55
778 2767 797 2801 f.
817 2766 871 2802 61.
892 2789 936 2792 —
956 2767 994 2800 In
1015 2769 1182 2813 margine:
1202 2767 1361 2813 Episcopi
1381 2767 1639 2802 Poznaniensis.

158 2825 198 2860 In
215 2825 302 2870 fine:
329 2826 358 2859 11
386 2825 419 2859 fl.
448 2826 476 2860 11
503 2838 554 2872 gr.
581 2847 625 2851 —
653 2826 725 2861 Vis.
753 2827 918 2861 Matzeus.
947 2848 990 2851 —
1016 2826 1059 2860 N.
1086 2827 1127 2860 de
1155 2826 1339 2860 Damiano.

255 2939 265 2957 1
292 2932 371 2967 MS.
398 2934 564 2968 eiusdem.
