2201 3554
140 435 293 478 segnor
323 420 457 464 zudixi
489 420 540 464 de
571 421 757 478 petition.
793 420 824 463 E
858 435 943 463 non
981 420 1156 464 abiando
1201 420 1384 479 possudo
1416 436 1527 464 esser
1558 436 1628 478 pa-

137 491 246 550 gado
276 490 339 535 dal
372 490 483 534 dicto
516 491 716 543 Antonio,
750 491 790 533 io
822 489 911 533 abia
945 491 1201 534 sententiado
1239 492 1276 534 el
1308 491 1420 534 dicto
1454 490 1624 533 Michiel

138 563 181 606 in
212 562 253 605 lo
285 573 474 605 amontar
505 561 571 605 del
602 561 714 604 dicto
746 562 935 613 carmes-i,
963 561 1177 604 siandome
1217 563 1381 604 reserva
1415 562 1552 604 rasion
1585 562 1626 603 in

136 633 149 676 i
181 631 280 676 dicti
310 633 422 684 vari3
455 648 477 675 6
509 632 584 674 6116
616 632 652 674 la
684 631 791 674 dicta
824 647 943 675 causa
978 633 1031 675 sia
1068 633 1209 690 legada
1243 648 1264 675 e
1302 647 1504 675 connessa
1547 647 1626 674 con

136 703 271 762 quella
296 701 360 746 del
392 702 503 746 dicto
529 703 726 754 carmesi;
760 718 782 745 e
814 702 904 745 chel
930 702 1042 746 dicto
1069 703 1239 746 Michiel
1265 703 1502 761 designasse
1529 717 1625 745 aver

135 773 329 818 vendudo
354 774 478 832 quelli
504 790 525 816 a
552 789 617 817 ser
639 774 791 817 Nicolo
811 773 1018 817 Vendelin
1042 790 1063 817 e
1095 774 1168 818 ada
1202 775 1280 818 alte
1307 789 1482 831 persone
1509 789 1627 817 rnen-

136 846 229 888 sion
260 845 310 889 de
341 844 477 888 ducati
510 858 559 900 71
597 844 635 887 d’
650 860 726 887 oro
758 845 794 887 al
828 846 945 887 miar.
987 846 1018 887 E
1058 847 1158 902 pero
1200 845 1412 889 domando
1445 846 1480 888 61
1513 844 1624 888 dicto

135 916 321 969 Michiel,
353 917 412 959 sia
443 915 700 958 sententiado
723 931 744 957 a
766 931 890 973 pagar
922 917 933 958 i
966 915 1062 959 dicti
1097 918 1182 958 vari
1217 917 1293 959 alla
1326 916 1432 960 dicta
1472 917 1624 968 rasion,

134 1001 236 1030 over
267 1003 287 1030 a
319 986 392 1030 dar
424 1002 494 1044 per
522 988 608 1030 mio
639 986 795 1029 damno
828 987 929 1030 libre
960 1002 1026 1044 51,
1055 1003 1086 1030 s.
1106 989 1146 1040 8,
1173 1003 1234 1046 gr.
1262 1001 1300 1041 2,
1325 1004 1362 1045 p.
1393 1001 1442 1030 10
1470 987 1519 1030 ad
1547 1002 1623 1031 oro

133 1058 212 1102 elle
243 1073 365 1116 spexe
390 1057 495 1102 della
521 1073 661 1110 causa;
689 1057 975 1102 offerandome
997 1058 1047 1102 de
1070 1074 1219 1116 provar
1242 1060 1254 1102 i
1275 1058 1371 1103 dicti
1399 1059 1486 1102 vari
1513 1074 1624 1102 esser

133 1140 194 1172 sta
225 1127 405 1172 vendudi
441 1129 477 1172 al
504 1128 616 1172 dicto
652 1130 823 1186 priexio,
850 1129 960 1172 salve
987 1145 1008 1172 e
1035 1129 1252 1173 reservade
1284 1142 1370 1173 tute
1404 1130 1504 1173 altre
1538 1130 1621 1172 mie

133 1201 272 1244 rasion
303 1215 375 1258 per
406 1199 587 1243 cadauna
619 1200 718 1243 altra
751 1201 816 1242 via
849 1216 871 1243 e
905 1201 1074 1244 muodo.

223 1272 285 1315 Ex
316 1271 490 1315 adverso
533 1283 672 1314 autem
715 1270 919 1329 responde
957 1287 1022 1314 ser
1055 1272 1225 1314 Michiel
1267 1271 1318 1315 (16
1350 1272 1492 1315 Zuani.
1532 1273 1624 1315 Alla

133 1341 339 1386 domanda
374 1357 442 1385 me
474 1340 511 1385 fa
543 1356 609 1384 ser
642 1342 725 1385 Zan
760 1341 927 1384 Baneho
959 1341 1009 1384 de
1041 1342 1247 1385 Breslavia
1290 1341 1455 1385 dax-anti
1489 1342 1515 1385 li
1548 1342 1624 1385 ho-

133 1412 317 1457 noteveli
350 1413 493 1471 signor
523 1411 658 1456 zudixi
697 1411 746 1456 de
779 1413 967 1470 petition.
1010 1413 1094 1456 Noi
1127 1428 1212 1456 non
1245 1427 1441 1470 possamo
1474 1414 1624 1470 partire

132 1483 237 1528 della
269 1485 469 1527 sententia
503 1483 605 1527 facta
639 1499 710 1541 per
743 1500 807 1527 ser
841 1485 922 1526 Zan
957 1485 1100 1527 Ursini
1134 1500 1155 1526 e
1189 1484 1397 1527 Pisanello
1430 1484 1622 1527 Pisanelli

132 1571 155 1598 e
186 1554 380 1599 retificata
425 1571 495 1612 per
533 1555 573 1598 10
605 1553 716 1598 (116ῖο
749 1554 897 1608 offitio,
929 1570 1002 1612 per
1033 1555 1068 1598 la
1107 1555 1202 1612 qual
1235 1571 1278 1598 se
1311 1557 1490 1609 contine,
1532 1555 1620 1598 chel

131 1626 243 1670 dicto
274 1641 341 1669 ser
372 1626 455 1669 Zan
488 1626 656 1669 Bancho
692 1625 810 1669 debia
846 1625 1071 1684 provedere
1103 1642 1124 1669 e
1158 1626 1217 1670 far
1249 1642 1358 1685 ogne
1389 1642 1510 1685 possa
1545 1642 1621 1670 suo

131 1697 182 1741 de
213 1712 323 1741 esser
354 1696 513 1755 pagado
545 1696 596 1740 de
627 1695 722 1740 dicti
756 1698 842 1740 vari
875 1698 1050 1740 insieme
1082 1698 1147 1740 601
1179 1698 1216 1740 61
1249 1699 1438 1741 carmesi.
1471 1698 1503 1740 E
1536 1713 1620 1740 non

131 1767 340 1827 possando
372 1783 483 1811 esser
522 1779 669 1825 pagato
710 1767 940 1811 d'Antonio
971 1768 1021 1811 de
1055 1769 1182 1811 Zuani
1225 1767 1386 1812 dallado
1433 1768 1536 1811 della
1579 1769 1621 1811 in

130 1840 300 1891 Polana,
331 1850 478 1897 questo
509 1839 549 1881 lo
580 1838 699 1882 debia
737 1854 898 1896 provar.
933 1839 964 1881 E
998 1839 1101 1881 oltre
1135 1838 1184 1882 de
1216 1840 1280 1882 zio
1312 1838 1428 1882 debia
1470 1853 1620 1896 provar

130 1909 227 1954 dicti
252 1911 340 1953 vari
367 1910 394 1953 li
421 1910 479 1953 mi
513 1909 730 1953 mandasse
758 1910 811 1952 lui
837 1911 950 1952 Zuan
983 1925 1104 1953 come
1139 1926 1253 1962 suoe,
1278 1926 1299 1953 e
1322 1911 1364 1953 in
1390 1925 1466 1953 suo
1493 1925 1620 1953 nome

129 1997 152 2024 a
185 1981 244 2025 mi
274 1982 317 2024 in
349 1981 387 2024 le
418 1982 502 2024 mie
536 1996 632 2024 man
664 1980 714 2024 de
746 1982 805 2024 mi
838 1981 1010 2023 Michiel
1040 1996 1162 2024 come
1200 1997 1276 2024 suo
1312 1980 1452 2024 robbe.
1492 1981 1620 2038 Digo‚

130 2051 221 2095 chel
252 2051 365 2095 dicto
396 2066 461 2094 ser
494 2052 607 2094 Zuan
639 2066 724 2094 non
758 2051 848 2094 m'z'i
897 2050 1005 2094 facto
1044 2067 1201 2094 nesuna
1232 2051 1337 2095 delle
1369 2050 1476 2094 dicte
1509 2066 1619 2103 cose,

129 2137 152 2165 e
190 2137 275 2165 non
317 2137 474 2180 pruova
517 2121 656 2179 quello
698 2124 720 2164 6
759 2120 966 2179 ubligado‚
1001 2124 1050 2164 ne
1094 2137 1164 2179 per
1195 2137 1353 2179 pruove
1397 2121 1618 2164 utentiche.

130 2193 162 2236 E
195 2194 294 2251 pero
320 2208 390 2250 per
418 2193 454 2236 le
479 2192 587 2236 dicte
620 2193 761 2236 casion
788 2204 827 2235 et
854 2208 924 2250 per
951 2193 1051 2235 altre
1078 2193 1260 2251 allegade
1286 2193 1392 2236 nella
1419 2194 1619 2236 sententia

127 2262 194 2307 del
235 2264 433 2307 cremessi
474 2261 668 2316 caboeha,
701 2263 825 2306 dicho
867 2263 942 2306 che
984 2279 1070 2307 non
1103 2264 1130 2306 11
1163 2275 1445 2320 5011016ηο10
1478 2264 1526 2307 ad
1559 2264 1618 2306 al-

129 2349 238 2392 guna
271 2333 434 2377 chossa.
477 2335 664 2391 Apresso
697 2334 808 2391 digo,
841 2333 916 2376 che
949 2349 1035 2377 non
1067 2334 1092 2376 11
1127 2350 1204 2377 son
1236 2345 1380 2377 tenuto
1412 2350 1433 2377 a
1466 2335 1617 2387 niente,

128 2404 277 2462 perche
308 2405 345 2447 el
378 2404 489 2448 dicto
522 2420 586 2448 ser
619 2405 731 2447 Zuan
763 2405 991 2448 s’achordo
1024 2420 1102 2448 con
1135 2406 1171 2448 el
1203 2405 1315 2449 dicto
1347 2406 1534 2448 Antonio
1567 2405 1616 2448 de

128 2475 266 2517 Zuane
286 2474 337 2518 de
355 2475 366 2517 i
383 2474 481 2518 dicti
503 2475 589 2517 vari
608 2476 782 2518 insieme
800 2490 880 2518 6011
902 2475 938 2518 61
957 2477 1154 2518 carmessi
1173 2475 1268 2518 fone
1288 2476 1338 2519 de
1353 2491 1489 2533 zugno
1509 2477 1614 2531 1428

126 2546 170 2589 in
188 2545 452 2591 Charchovia
473 2562 495 2589 e
516 2546 601 2590 feze
622 2563 644 2590 a
665 2547 804 2605 quello
825 2559 1012 2590 termene
1035 2563 1160 2591 como
1184 2549 1196 2590 i
1218 2549 1378 2606 piaque,
1396 2560 1435 2591 et
1456 2549 1615 2591 tolsene

127 2617 281 2675 scripto
305 2616 355 2660 de
382 2633 478 2660 man
510 2617 576 2662 del
607 2617 718 2661 dicto
748 2619 933 2662 Antonio
961 2634 981 2661 e
1007 2634 1135 2661 avene
1162 2619 1197 2661 el
1224 2630 1409 2662 termene
1441 2619 1476 2662 el
1504 2618 1614 2662 dicto

125 2689 313 2731 Antonio
338 2688 374 2731 el
400 2704 507 2746 pago
533 2704 659 2732 como
685 2691 706 2732 e
732 2689 843 2732 dicto
870 2690 911 2732 in
944 2690 1073 2732 l'altra
1105 2689 1285 2733 destessa
1312 2689 1377 2733 (161
1403 2691 1615 2742 6161116551,

126 2773 149 2800 6
170 2761 257 2801 cusi
288 2769 396 2801 tutto
427 2770 574 2816 questo
601 2775 669 2802 me
691 2759 824 2803 offero
846 2759 896 2803 de
918 2776 1066 2817 provar
1088 2761 1150 2802 alc
1176 2761 1329 2804 Vostre
1356 2761 1614 2812 Rex-ercutio,

125 2844 200 2872 zoe
231 2844 373 2872 averse
411 2830 617 2874 acordado
649 2847 766 2874 senza
802 2832 888 2874 mio
921 2832 1270 2885 consentimentO,
1303 2835 1336 2874 si
1370 2831 1445 2874 6116
1477 2831 1614 2889 quello

127 2915 206 2943 una
239 2900 350 2944 volta
383 2901 394 2943 i
428 2903 449 2944 ὲ
482 2902 684 2958 piaxusto‚
719 2918 804 2946 non
836 2903 862 2945 li
896 2918 978 2960 puo
1010 2902 1259 2961 despiaxerc.
1288 2903 1320 2946 E
1352 2902 1531 2947 anchora
1563 2919 1614 2946 ve
