2201 3554
183 391 400 450 providere
457 392 628 444 cautela,
679 391 918 434 fraternitati
962 405 1030 435 tue
1074 409 1222 437 omnes
1273 407 1310 436 et
1359 395 1546 450 singulos
1588 395 1674 437 col-

181 463 356 506 lectores
387 473 427 505 et
458 462 779 509 succollectores
812 478 857 505 ac
884 462 1079 506 officiales
1108 480 1151 507 ac
1186 466 1284 507 alias
1313 481 1509 522 personas
1533 465 1675 507 huius-

182 532 296 576 modi
323 545 364 575 et
393 533 512 585 alios,
537 547 718 589 quorum
751 533 997 586 interfuerit,
1031 533 1080 577 de
1117 535 1194 577 hiis
1227 535 1454 586 dumtaxat,
1477 551 1556 592 que
1583 550 1674 592 pre-

183 603 276 647 fatis
308 603 540 655 Castrucio‚
567 604 754 646 Antonio
788 616 826 646 et
860 605 1043 647 Martino
1083 621 1154 648 seu
1188 621 1334 648 eorum
1376 606 1489 648 alteri
1529 618 1673 648 nostro

183 686 224 718 et
248 673 355 718 dicte
376 688 538 717 camere
559 675 743 727 nomine,
769 687 809 716 ut
833 676 1099 731 premittitur,
1124 677 1410 732 persolverint,
1433 677 1673 719 auctoritate

183 757 324 789 nostra
361 744 543 804 quitandi
591 756 630 787 et
664 743 860 788 liberandi
899 761 943 788 ac
985 747 1109 788 etiam
1152 746 1391 789 absolvendi
1437 747 1597 803 plenam
1634 758 1672 789 et

184 815 357 859 liberam
388 827 532 859 tenore
576 817 830 872 presentium
865 816 1133 859 concedimus
1178 816 1427 859 facultatem.
1463 818 1673 859 Volumus

183 898 338 940 autem,
363 887 474 945 quod
501 886 550 929 de
574 886 769 929 omnibus
796 898 835 929 et
863 888 1050 943 singulis,
1083 903 1161 944 que
1184 903 1255 944 per
1276 890 1479 944 prelatum
1503 888 1674 931 Castru-

183 959 310 1010 cium,
343 957 576 1000 Antonium
611 969 649 999 et
687 957 915 999 Martinum
955 973 1025 1000 seu
1059 973 1204 1000 eorum
1237 959 1414 1000 alterum
1448 960 1674 1015 premisso-

184 1044 278 1072 rum
309 1030 528 1072 occasione
561 1029 685 1085 recipi
718 1030 953 1085 contigerit,
986 1029 1069 1071 duo
1108 1028 1269 1086 publica
1308 1030 1541 1072 consimilia
1574 1045 1673 1072 con-

182 1099 248 1143 fici
293 1099 418 1143 facias
450 1101 740 1151 instrumenta,
772 1114 951 1156 quorum
995 1115 1125 1142 unum
1172 1099 1220 1143 ad
1263 1099 1416 1142 dictam
1463 1115 1671 1142 cameram

182 1170 377 1224 destines,
400 1186 524 1229 penes
550 1182 589 1213 te
616 1171 776 1228 reliquo
809 1182 1032 1213 reservato.
1067 1172 1222 1213 Datum
1258 1171 1369 1213 Luce
1399 1186 1446 1226 14
1480 1171 1673 1214 kalendas

183 1241 452 1300 Septembris,
484 1241 746 1299 pontificatus
780 1243 910 1284 nostri
944 1257 1053 1284 anno
1080 1241 1257 1284 decimo.

276 1336 363 1383 Reg.
392 1336 472 1371 Vat.
503 1348 562 1382 311
595 1337 615 1372 f.
643 1338 716 1379 85V.
745 1358 789 1361 —
817 1336 855 1370 In
875 1337 962 1382 fine:
989 1337 1040 1371 De
1067 1338 1172 1371 curia.
1195 1358 1239 1362 —
1267 1338 1317 1371 Io.
1348 1338 1541 1383 Angladiis.
1566 1359 1609 1363 —
1636 1338 1671 1372 F.

182 1396 224 1431 de
249 1396 494 1442 Lanz[anico].
520 1418 566 1421 —
593 1396 672 1443 Reg.
699 1396 822 1430 Krosta
849 1408 904 1442 op.
927 1397 984 1430 cit.
1017 1409 1067 1430 nr.
1099 1398 1174 1438 148.

270 1504 340 1547 81.
382 1502 564 1546 Textores
596 1503 819 1545 Florentini
854 1504 915 1545 ins
947 1502 1056 1545 civile
1089 1504 1257 1545 civitatis
1297 1502 1532 1546 Casimiriae
1564 1503 1672 1560 apud

185 1574 420 1618 Cracoviam
449 1576 660 1632 accipiunt.

1458 1647 1580 1690 [394-

269 1728 371 1771 Item
402 1728 664 1772 Bernhardus
687 1740 725 1772 et
750 1728 923 1771 Iacobus
952 1728 1094 1771 fratres
1123 1729 1286 1780 uterini,
1311 1729 1498 1785 magistri
1523 1730 1563 1771 in
1587 1741 1671 1772 arte

178 1801 417 1853 textoriaca,
443 1801 508 1857 pie
530 1800 836 1843 recordacionis
859 1799 932 1842 filii
955 1801 1197 1851 Bonacursi,
1225 1799 1276 1842 de
1310 1800 1525 1842 Florencia
1554 1801 1670 1852 civis,

180 1872 485 1928 acquisiverunt
518 1872 582 1913 ius
614 1871 745 1914 civile.

274 1965 459 2009 Kutrzeba‚
472 1966 641 2001 Ludnosc'
662 1967 787 2001 miasta
806 1967 1023 2001 Kazimierza
1039 1975 1116 2001 etc..
1136 1966 1286 2000 Rocznik
1304 1966 1511 2001 krakowslti.
1528 1967 1594 2000 vol.
1613 1966 1671 2007 III,

180 2038 212 2072 ς).
244 2024 319 2071 196.

270 2133 338 2175 82.
381 2131 611 2188 Bomfacius
645 2140 709 2189 pp.
744 2131 809 2174 IX
849 2146 871 2173 a
917 2131 1097 2188 Philippo
1137 2131 1181 2173 de
1222 2131 1434 2182 Guidottis‚
1478 2140 1670 2187 smnpsore

185 2202 432 2256 Bononiensi,
453 2216 567 2259 4000
581 2203 676 2260 flor.
702 2211 870 2246 mutuat.

916 2279 1074 2333 Romae,
1108 2294 1131 2322 2
1139 2293 1160 2334 3
1198 2279 1419 2322 Decembris
1454 2292 1581 2334 1395.

270 2373 507 2417 Bonifacius
539 2386 616 2417 etc.
646 2376 849 2417 universis
876 2385 952 2417 etc.
987 2374 1162 2416 salutern
1189 2385 1266 2416 etc.
1289 2374 1557 2416 Universitati
1592 2384 1668 2415 etc.

179 2444 291 2503 quod
323 2444 446 2488 hodie
478 2461 499 2487 a
530 2445 680 2488 dilecto
713 2444 799 2488 filio
833 2445 1091 2501 Philippo
1129 2443 1189 2487 de
1228 2444 1546 2496 Guidottis‚
1581 2445 1670 2486 cive

180 2526 220 2558 et
256 2530 545 2573 campsore
591 2516 968 2566 Bononiensi,
1016 2530 1086 2572 per
1134 2531 1282 2557 manus
1328 2514 1575 2557 dilectorum
1624 2514 1671 2556 fi-

179 2586 334 2629 liorum
382 2585 522 2630 Doffi
571 2585 631 2630 de
679 2587 866 2643 Spinis
914 2598 954 2628 et
1002 2585 1294 2628 Benedicti
1343 2585 1404 2629 de
1454 2585 1669 2638 Bardis,

180 2657 282 2700 socii
333 2656 471 2700 dilecti
519 2656 592 2700 filii
639 2657 741 2700 1011
761 2673 782 2700 a
800 2673 826 2699 n
845 2658 937 2699 nis
983 2656 1008 2699 d
1027 2672 1048 2699 e
1097 2657 1141 2699 M
1161 2672 1182 2698 e
1199 2656 1223 2699 d
1244 2657 1254 2699 i
1274 2672 1294 2699 c
1313 2657 1323 2698 i
1344 2672 1361 2698 s
1376 2691 1385 2707 ‚
1437 2656 1668 2712 campsoris

179 2728 421 2782 Florentini,
468 2729 511 2771 in
559 2729 749 2772 Romana
796 2729 907 2771 curia
956 2728 1239 2772 residentium.
1282 2727 1402 2770 nobis
1435 2740 1474 2769 et
1507 2741 1669 2769 camere

179 2799 406 2856 apostolice
445 2799 574 2856 ipsius
612 2799 786 2856 Philippi
825 2800 994 2841 nomine
1037 2799 1366 2855 persolventium
1415 2813 1489 2854 pro
1527 2812 1670 2840 neces-

182 2868 366 2912 sitatibus
403 2869 510 2912 dicte
557 2884 720 2912 camere
762 2869 1097 2912 incumbentibus
1142 2882 1254 2924 4000
1296 2867 1441 2910 floren.
1485 2869 1570 2910 auri
1618 2866 1668 2910 de
