2201 3554
483 414 565 456 bris
579 415 766 471 proxime
785 423 1005 456 venturum
1030 413 1214 456 eiusdem
1237 413 1464 455 millesimi.
1491 412 1740 456 Ressiduum
1758 427 1873 464 vero,
1889 427 1971 470 que

481 498 541 528 est
559 486 682 528 tercia
701 496 739 527 et
758 484 916 536 ultima,
935 484 1097 526 solvere
1120 483 1263 526 debeat
1284 500 1413 541 usque
1437 484 1484 527 ad
1509 483 1620 527 diem
1645 486 1693 526 16
1716 484 1821 526 Iunii
1844 497 1967 540 1432.

480 557 628 613 Elapso
651 568 787 599 autem
806 555 1000 607 termino,
1023 554 1212 598 videlicet
1238 570 1281 611 15
1303 555 1367 598 die
1387 556 1577 607 Ianuarii,
1599 566 1640 598 et
1657 554 1750 608 hoc,
1768 566 1812 598 ut
1834 570 1968 612 supra,

479 643 573 669 cum
608 627 755 670 effectu
790 641 872 669 non
906 626 1092 679 faciente,
1110 638 1205 669 tunc
1236 627 1325 683 ipso
1350 625 1456 669 facto
1490 627 1689 669 sententia
1716 627 1801 683 ipsa
1830 641 1968 680 suum,

479 710 521 740 nt
544 709 603 740 est
631 698 744 749 iuris,
772 698 972 740 sorciatur
992 696 1187 740 effectum
1205 708 1246 740 et
1271 696 1395 739 robur
1413 695 1592 739 obtineat
1615 696 1822 739 firmitatis
1847 707 1968 754 atque

477 769 633 824 vigoris
666 769 774 810 iuxta
808 778 847 809 et
880 765 1108 810 secundum
1142 767 1338 818 formam,
1372 767 1511 819 ritum,
1545 765 1878 819 consuetudines,
1911 767 1968 809 le-

475 854 628 895 gesque
663 839 946 880 Venetiarnm.
981 838 1030 880 Et
1052 837 1130 880 hoc
1160 839 1234 895 ipsi
1267 837 1427 881 domini
1461 837 1615 881 iudices
1648 836 1802 880 faciunt
1833 837 1965 890 iustis,

476 908 785 952 rationabilibus
813 909 946 951 causis
978 920 1098 966 atque
1132 907 1384 966 respectibus
1413 910 1500 951 sine
1519 909 1613 951 loco
1634 919 1672 951 et
1691 920 1879 965 tempore
1905 907 1966 951 di-

475 980 613 1023 cendis
646 991 685 1023 et
716 979 984 1023 declarandis.
1020 980 1248 1023 Remaneat
1267 991 1386 1037 atque
1414 995 1628 1023 remanere
1649 979 1794 1023 debeat
1819 979 1965 1036 partita

473 1067 649 1108 expense
681 1050 778 1094 dicti
811 1052 991 1094 cremexi
1026 1050 1339 1094 indeterminata
1373 1062 1411 1094 et
1433 1050 1640 1103 indecisa;
1669 1051 1793 1094 salvis
1820 1062 1858 1094 et
1879 1066 1966 1094 res-

473 1124 644 1165 servatis
685 1122 881 1165 omnibns
914 1133 953 1165 et
985 1122 1158 1179 singulis
1201 1122 1290 1165 aliis
1329 1122 1485 1165 iuribus
1525 1122 1740 1165 ambarum
1786 1122 1963 1180 partium

472 1195 621 1251 quovis
655 1193 795 1237 modo.

561 1265 672 1308 Cum
705 1264 755 1308 de
790 1264 998 1307 voluntate
1033 1265 1210 1321 partium
1244 1265 1525 1321 processisset.

559 1337 710 1379 Testes
742 1337 812 1394 qui
845 1351 965 1393 supra
997 1346 1036 1378 ct
1069 1335 1150 1378 alii.

565 1456 686 1498 1430,
710 1442 934 1485 indictione
961 1457 1084 1495 nona,
1117 1440 1181 1484 die
1218 1456 1240 1496 9
1275 1443 1432 1484 mensis
1453 1442 1671 1484 Ianuarii.¹
1709 1442 1866 1486 Coram
1900 1444 1963 1486 iu-

469 1513 577 1556 dicio
611 1515 858 1570 petitionum
877 1513 1145 1570 personaliter
1172 1514 1421 1556 constitutus
1454 1512 1604 1556 nobilis
1642 1514 1704 1556 vir
1731 1529 1797 1556 ser
1829 1513 1962 1558 Octa-

469 1586 614 1627 viamus
648 1585 816 1627 Valerio
849 1584 1026 1627 condam
1059 1584 1220 1628 domini
1254 1585 1434 1627 Bertucii
1467 1583 1582 1637 dixit,
1610 1586 1809 1642 promixit
1841 1597 1880 1628 et
1917 1601 1960 1630 se

469 1666 614 1712 sponte
653 1654 854 1713 obligavit
892 1654 941 1698 de
984 1655 1097 1698 libris
1132 1669 1181 1712 25
1218 1671 1464 1713 grossorum
1503 1655 1638 1698 eidem
1678 1671 1742 1699 ser
1786 1657 1958 1700 Iohanni

469 1727 636 1769 Bancho
676 1728 846 1769 nomine
879 1737 918 1769 et
950 1727 1040 1769 vice
1079 1742 1143 1770 ser
1183 1727 1397 1770 Michaelis
1440 1727 1635 1769 Iohannis
1675 1727 1884 1772 solvendis
1916 1730 1958 1772 in

466 1799 603 1855 primo
636 1798 816 1840 termino
849 1798 891 1840 in
923 1798 1196 1854 suprascripta
1229 1799 1430 1840 sententia
1463 1813 1728 1854 comprenso,
1766 1797 1958 1843 videlicet

466 1884 537 1925 per
556 1880 689 1911 totum
710 1884 899 1911 mensem
921 1869 1069 1911 Marcii
1091 1870 1280 1926 proxime
1302 1869 1478 1922 venturi,
1501 1880 1541 1911 et
1561 1869 1639 1912 hoc
1663 1881 1811 1913 notum
1833 1869 1927 1913 facit
1942 1879 1955 1897 ²

465 1939 514 1982 de
548 1939 743 1983 mandato
775 1938 1047 1983 dominorum
1080 1939 1264 1983 iudicum
1299 1940 1595 1997 predictorum.

553 2059 646 2112 Die,
670 2058 910 2111 millesimo,
934 2074 1078 2101 mense
1101 2071 1141 2101 et
1163 2058 1263 2102 hora
1287 2057 1492 2116 predictis.
1523 2059 1679 2102 Coram
1707 2059 1860 2103 iudicio
1885 2075 1956 2118 pe-

462 2130 657 2171 titionum
686 2129 955 2186 personaliter
981 2130 1230 2172 constitutus
1256 2128 1407 2171 nobilis
1434 2130 1496 2172 vir
1530 2145 1595 2172 ser
1622 2130 1766 2173 Petrus
1794 2130 1954 2175 Bembo

463 2200 641 2242 condam
673 2199 833 2242 domini
859 2201 1033 2242 Antonii
1061 2200 1219 2253 militis,
1253 2211 1399 2256 sponte
1426 2211 1465 2242 et
1491 2216 1539 2242 ex
1572 2211 1680 2243 certa
1713 2202 1882 2245 scientia
1914 2213 1953 2246 et

462 2286 547 2314 non
579 2287 649 2328 per
681 2287 844 2314 erorem
871 2272 1084 2314 constituit
1115 2287 1158 2314 se
1184 2271 1361 2328 plezium
1394 2283 1435 2314 et
1461 2272 1674 2328 proprium
1693 2273 1951 2330 soluptorem
1985 2309 1987 2312 .

461 2341 509 2384 ad
536 2342 765 2384 terminum
791 2342 1131 2399 suprascriptum,
1157 2340 1349 2384 videlicet
1371 2357 1560 2384 mensem
1586 2342 1732 2385 Marcii
1760 2345 1952 2400 proxime

461 2413 637 2465 venturi,
664 2411 713 2455 de
740 2411 855 2455 libris
884 2425 937 2454 20
958 2427 1204 2470 grossorum
1232 2412 1366 2456 eidem
1395 2427 1460 2455 ser
1487 2412 1660 2455 Iohanni
1684 2413 1852 2457 Bancho
1873 2429 1950 2472 pro

459 2483 570 2526 dicto
604 2499 668 2526 ser
700 2483 904 2527 Michaele
937 2483 1147 2527 Iohannis.

547 2602 650 2645 Item
694 2603 941 2645 constitutus
974 2617 1113 2645 coram
1149 2601 1300 2645 iudicio
1342 2603 1591 2659 petitionum
1634 2617 1699 2645 ser
1740 2604 1948 2648 Antonius
1979 2624 1981 2627 ¹

458 2672 694 2716 Arimundo
717 2673 917 2716 fideiussit
933 2688 1008 2731 pro
1030 2673 1141 2716 dicto
1164 2688 1229 2716 ser
1252 2673 1454 2716 Michaele
1476 2673 1672 2716 Iohannis
1692 2674 1742 2718 de
1759 2673 1874 2718 libris
1898 2689 1943 2732 15

457 2760 701 2801 grossorum
736 2745 869 2788 eidem
904 2760 969 2787 ser
990 2745 1164 2788 Iohanni
1192 2745 1330 2787 Banco
1358 2760 1432 2802 pro
1455 2744 1638 2788 secundo
1664 2746 1859 2800 termino,
1886 2748 1949 2790 vi—

457 2815 603 2858 delicet
636 2831 778 2859 mense
812 2815 1013 2860 Octubris
1045 2816 1237 2870 proxime
1269 2816 1446 2858 venturi.

554 2917 561 2934 ¹
591 2911 774 2944 Seczzndum
803 2915 948 2944 noslrum
976 2910 1202 2944 calendarium
1234 2921 1332 2953 1431,
1361 2910 1520 2944 Ianuarii
1545 2924 1574 2955 9.
1674 2918 1686 2936 2
1714 2911 1790 2946 MS.
1817 2911 1891 2947 fuit.
