2201 3554
304 420 480 463 Divitias
520 430 551 464 et
596 423 865 466 auctoritatem
898 424 939 465 in
984 423 1147 465 Polonia
1183 424 1288 465 nacti
1327 430 1478 480 operam
1518 423 1628 474 dant,
1660 432 1700 465 ut

210 505 400 561 portoria,
436 504 590 561 plumbi
628 514 663 548 et
702 507 858 562 argenti
889 505 1052 562 fodinas
1095 508 1134 548 in
1171 505 1334 562 Ollcnsz,
1365 505 1617 562 salisfodinas
1658 507 1698 548 in

222 585 278 628 W
277 585 438 641 ieliczka
459 594 491 629 et
511 586 685 630 Bochnia
705 595 896 644 occupent.
930 587 981 630 In
1003 588 1224 645 privilegio,
1248 603 1273 630 a
1299 588 1392 630 duce
1410 587 1572 630 Lcscone
1597 587 1700 630 Albo

215 667 421 719 fossoribus
448 671 661 727 peregrinis
692 685 873 723 concesso,
907 671 1111 713 Italicum
1139 670 1252 713 laude
1276 679 1583 722 memorantem-,¹
1618 685 1701 713 sae-

215 751 300 794 culo
320 760 449 795 autem
475 765 567 795 ΧΙΓ
595 752 918 810 ςιιΙὶ.ςῙὶ>ᾱι“ιιιινίιηι
957 762 1101 810 semper
1124 754 1209 810 sere
1242 762 1466 796 mercatores
1497 769 1544 796 ex
1577 753 1698 796 Italia

217 833 325 878 nobis
349 843 556 878 occurrunt
585 835 782 892 praefecti.
818 836 953 878 Annis
978 837 1174 892 1346-13
1186 838 1237 890 58
1260 829 1487 894 praeficitur
1513 837 1564 878 eis
1591 836 1700 878 Pau—

217 916 322 960 linus
347 916 514 961 Cavallo
536 917 579 960 de
604 917 758 971 Genua,
775 919 837 960 cui
860 926 1010 961 mortuo
1032 918 1251 961 Peterlinns
1272 918 1332 961 vel
1352 919 1491 960 Petrus
1520 917 1700 969 Cavallo,

216 999 384 1042 Paulini
400 1009 524 1057 nepos,
546 1000 712 1043 succedit
720 1015 734 1051 ,·
769 999 966 1043 Casimiro
986 1001 1154 1056 Magno,
1181 1002 1376 1044 Liulovico
1402 1002 1447 1043 de
1463 1001 1696 1057 Hungaria,

215 1081 402 1125 Ladislao
423 1082 624 1139 Jagellone
647 1083 912 1141 regnantibus,
947 1084 1189 1141 salisfoclinis
1216 1084 1426 1142 Gotfredus
1460 1084 1702 1137 Fattinante‚

214 1167 331 1208 etiam
353 1165 582 1217 Genuensis,
616 1181 729 1224 usque
761 1167 813 1208 ad
830 1166 956 1224 finem
982 1168 1083 1210 vitae
1106 1182 1212 1220 suae,
1241 1167 1294 1210 ad
1318 1182 1356 1210 a.
1379 1181 1505 1223 1393,
1532 1176 1677 1224 praeest
1690 1183 1701 1217 ;

211 1256 341 1306 postea
374 1263 462 1291 vero
483 1256 710 1291 mercatores
736 1249 779 1291 de
811 1249 990 1301 Venetiis,
1014 1250 1243 1292 Bonaiunta
1274 1266 1360 1292 cum
1388 1252 1605 1308 propinquo
1636 1265 1703 1292 sno

217 1331 332 1375 Petro
364 1331 569 1382 Bicarani,
609 1346 753 1374 necnon
783 1341 1007 1376 mercatores
1033 1332 1269 1384 florentini,
1297 1333 1524 1376 Leonardus
1556 1342 1585 1376 et
1614 1334 1704 1376 An-

217 1415 344 1458 tonius
369 1414 413 1457 de
440 1414 560 1458 Riciis
585 1413 742 1471 aliique,
776 1413 1028 1471 salisfodinas
1055 1415 1242 1458 Poloniae
1273 1417 1313 1458 in
1348 1416 1464 1458 ductu
1498 1416 1700 1459 habebant.

302 1498 566 1549 Documenta,
609 1511 706 1556 quae
752 1513 855 1540 nnnc
894 1499 935 1540 in
980 1498 1102 1541 lucem
1143 1500 1307 1553 edimus,
1347 1501 1441 1542 satis
1485 1499 1608 1543 multa
1650 1500 1703 1542 ad

212 1581 495 1625 illustrandam
528 1581 902 1639 cognoscendamque
934 1591 1191 1625 mercatorum
1225 1583 1419 1626 Italorum
1460 1584 1500 1625 in
1533 1583 1699 1626 Polonia

211 1666 335 1709 vitam
367 1673 402 1708 et
432 1665 690 1708 conditionem
728 1664 900 1723 afferunt
910 1680 924 1715 ,·
961 1666 1188 1722 praesertim
1221 1681 1277 1717 ea,
1313 1680 1410 1723 quae
1441 1667 1492 1708 acl
1524 1681 1695 1718 causant,

213 1751 312 1792 inter
344 1748 560 1792 Iohannem
594 1747 710 1790 Banlc
735 1756 766 1790 et
789 1748 932 1802 fratres
958 1749 1000 1790 cle
1037 1748 1172 1800 Riciis,
1205 1750 1428 1791 Antonium
1461 1749 1698 1806 praesectum

210 1831 531 1889 solisfodinarmn
563 1830 880 1874 Cracoviensium
903 1839 935 1873 et
958 1831 1192 1874 Michaelem
1219 1840 1464 1874 mercatorem
1499 1832 1535 1874 V
1533 1840 1700 1885 enetum,

207 1923 350 1966 actam,
375 1922 559 1972 spectant,
582 1914 751 1956 maximi
774 1921 865 1955 sunt
888 1915 1084 1955 momenti.
1114 1913 1197 1967 Eis,
1222 1928 1318 1971 quae
1349 1929 1451 1963 nnnc
1472 1922 1699 1972 proponun-

208 2006 288 2051 tur,
319 1998 452 2041 omnia
485 2011 557 2039 esse
588 2004 765 2039 contenta
796 2004 827 2038 et
863 1995 1076 2048 illustrata,
1110 1996 1215 2038 haud
1241 2004 1537 2053 praesumptum
1564 1996 1697 2039 halvere

207 2081 414 2134 volumns;
446 2096 533 2123 cum
569 2089 696 2122 tamen
723 2079 901 2137 plurima
940 2079 992 2122 ad
1027 2087 1287 2122 mercaturam
1333 2081 1432 2122 inter
1469 2079 1634 2123 Polonos
1665 2088 1697 2122 et

209 2163 331 2208 Italos
358 2164 481 2207 medio
506 2177 597 2207 aevo
623 2164 848 2220 spectantia,
874 2163 1132 2205 studiosorum
1160 2162 1280 2205 oculis
1302 2162 1430 2206 adhuc
1452 2163 1567 2206 latere
1591 2163 1697 2206 vide-

209 2246 368 2299 bantur,
384 2261 480 2304 quae
515 2246 677 2296 edimus,
705 2260 780 2288 non
807 2246 888 2287 sine
920 2244 1088 2287 utilitate
1119 2245 1297 2288 scientiae
1323 2253 1357 2287 et
1387 2245 1583 2288 doctrinae
1608 2246 1695 2303 fore

208 2339 406 2388 speramns
426 2337 459 2372 et
487 2329 725 2372 mmiicimus.
761 2329 818 2370 At
849 2343 937 2370 vero
969 2336 1194 2371 mercatores
1224 2337 1259 2371 et
1284 2314 1492 2372 collectores
1522 2345 1696 2372 camerae

169 2415 171 2417 ’
209 2412 331 2457 Italos
351 2421 478 2456 secuta
495 2420 543 2455 est
562 2427 628 2454 ars
647 2411 752 2454 Itala
773 2419 807 2454 et
831 2412 1116 2454 immanitas...
1144 2411 1414 2455 Callimachus
1438 2412 1502 2455 ille
1527 2415 1631 2456 venit
1653 2414 1693 2456 in

207 2505 358 2541 nostras
381 2505 515 2548 terras,
535 2497 626 2554 quia
654 2495 814 2538 habebat
835 2494 894 2537 hic
913 2495 1102 2552 affinitate
1123 2510 1248 2538 secum
1269 2496 1518 2538 coniunctum
1544 2496 1696 2554 Aynol-

199 2580 292 2638 sum
315 2580 360 2623 de
385 2578 582 2630 Tedaldis,
606 2586 850 2621 mercatorem
871 2577 1158 2629 Florentinum,
1179 2579 1414 2621 ditissimum
1435 2581 1694 2636 portariorum

207 2672 239 2707 et
264 2663 589 2720 salissoa'inarum
625 2663 663 2704 in
701 2661 913 2705 Cracoviae
943 2670 976 2705 et
999 2661 1241 2706 Roxolaniae
1273 2663 1383 2704 terris
1413 2662 1692 2705 conductorem.

304 2794 314 2812 1
343 2786 452 2820 Annis
482 2796 709 2826 1221—1222;
732 2785 949 2832 privilegium
973 2790 1189 2819 memoratum
1215 2786 1252 2819 de
1285 2786 1442 2820 Romanis
1469 2791 1596 2827 narrat,
1615 2799 1691 2832 quos

205 2850 314 2881 tamen
336 2846 454 2892 procul
477 2845 574 2879 dubio
601 2845 703 2879 Italos
723 2844 829 2890 fuisse
856 2848 1026 2891 putamus.
1055 2844 1281 2887 Piekosinski,
1310 2844 1397 2879 Cod.
1431 2846 1512 2879 eccl.
1540 2845 1690 2880 cathedr.

205 2917 230 2940 s.
253 2904 449 2946 Venceslai,
474 2904 500 2946 I,
526 2916 557 2950 p.
585 2915 636 2949 17,
662 2915 712 2938 nr.
740 2914 791 2938 12.
