<?xml version="1.0" encoding="UTF-8"?>
<!DOCTYPE html PUBLIC "-//W3C//DTD XHTML 1.0 Transitional//EN"
    "http://www.w3.org/TR/xhtml1/DTD/xhtml1-transitional.dtd">
<html xmlns="http://www.w3.org/1999/xhtml" xml:lang="en" lang="en">
 <head>
  <title>
</title>
<meta http-equiv="Content-Type" content="text/html;charset=utf-8" />
  <meta name='ocr-system' content='tesseract 3.04.00' />
  <meta name='ocr-capabilities' content='ocr_page ocr_carea ocr_par ocr_line ocrx_word'/>
</head>
<body>
  <div class='ocr_page' id='page_1' title='image "./italiamercatoria00ptanuoft/italiamercatoria00ptanuoft_0041.png"; bbox 0 0 2201 3554; ppageno 0'>
   <div class='ocr_carea' id='block_1_1' title="bbox 128 462 1636 3003">
    <p class='ocr_par' dir='ltr' id='par_1_1' title="bbox 143 462 1636 716">
     <span class='ocr_line' id='line_1_1' title="bbox 238 462 1629 519; baseline 0.001 -15"><span class='ocrx_word' id='word_1_1' title='bbox 238 464 302 504; x_wconf 76' lang='grc'>18.</span> <span class='ocrx_word' id='word_1_2' title='bbox 332 462 498 505; x_wconf 69' lang='lat' dir='ltr'>Senatus</span> <span class='ocrx_word' id='word_1_3' title='bbox 522 463 771 506; x_wconf 70' lang='lat' dir='ltr'>Florentinns</span> <span class='ocrx_word' id='word_1_4' title='bbox 802 463 1019 506; x_wconf 46' lang='lat' dir='ltr'>lls&#39;ltzdislao</span> <span class='ocrx_word' id='word_1_5' title='bbox 1047 465 1127 519; x_wconf 74' lang='lat' dir='ltr'>regi</span> <span class='ocrx_word' id='word_1_6' title='bbox 1153 464 1336 507; x_wconf 75' lang='lat' dir='ltr'>Polunine</span> <span class='ocrx_word' id='word_1_7' title='bbox 1369 464 1512 506; x_wconf 72' lang='lat' dir='ltr'>leonem</span> <span class='ocrx_word' id='word_1_8' title='bbox 1543 479 1629 506; x_wconf 75' lang='lat' dir='ltr'>cnm</span> 
     </span>
     <span class='ocr_line' id='line_1_2' title="bbox 144 531 1632 577; baseline 0.001 -4"><span class='ocrx_word' id='word_1_9' title='bbox 144 531 276 575; x_wconf 82' lang='lat' dir='ltr'>leaena</span> <span class='ocrx_word' id='word_1_10' title='bbox 317 534 549 575; x_wconf 81' lang='lat' dir='ltr'>transmitti!</span> <span class='ocrx_word' id='word_1_11' title='bbox 592 548 736 576; x_wconf 77' lang='lat' dir='ltr'><em>necnon</em></span> <span class='ocrx_word' id='word_1_12' title='bbox 778 534 1029 576; x_wconf 65' lang='lat' dir='ltr'>Laonardum</span> <span class='ocrx_word' id='word_1_13' title='bbox 1076 534 1230 577; x_wconf 74' lang='lat' dir='ltr'>Bartoli</span> <span class='ocrx_word' id='word_1_14' title='bbox 1268 535 1312 577; x_wconf 77' lang='lat' dir='ltr'>de</span> <span class='ocrx_word' id='word_1_15' title='bbox 1360 535 1560 577; x_wconf 76' lang='lat' dir='ltr'>Florentia</span> <span class='ocrx_word' id='word_1_16' title='bbox 1600 542 1632 576; x_wconf 80' lang='lat' dir='ltr'>e!</span> 
     </span>
     <span class='ocr_line' id='line_1_3' title="bbox 144 601 1636 662; baseline 0.001 -18"><span class='ocrx_word' id='word_1_17' title='bbox 144 601 302 645; x_wconf 74' lang='lat' dir='ltr'>Petrum</span> <span class='ocrx_word' id='word_1_18' title='bbox 343 603 701 646; x_wconf 76' lang='lat' dir='ltr'>«Bicchierarins»</span> <span class='ocrx_word' id='word_1_19' title='bbox 749 603 793 646; x_wconf 79' lang='lat' dir='ltr'>de</span> <span class='ocrx_word' id='word_1_20' title='bbox 835 603 1001 646; x_wconf 71' lang='lat' dir='ltr'>Veneriis</span> <span class='ocrx_word' id='word_1_21' title='bbox 1039 605 1079 646; x_wconf 90' lang='lat' dir='ltr'>in</span> <span class='ocrx_word' id='word_1_22' title='bbox 1113 604 1298 647; x_wconf 79' lang='lat' dir='ltr'>Poloniae</span> <span class='ocrx_word' id='word_1_23' title='bbox 1339 605 1516 662; x_wconf 78' lang='lat' dir='ltr'>partibus</span> <span class='ocrx_word' id='word_1_24' title='bbox 1555 619 1636 646; x_wconf 76' lang='lat' dir='ltr'>›no-</span> 
     </span>
     <span class='ocr_line' id='line_1_4' title="bbox 143 673 624 716; baseline 0.004 -2"><span class='ocrx_word' id='word_1_25' title='bbox 143 681 274 715; x_wconf 85' lang='lat' dir='ltr'>rantes</span> <span class='ocrx_word' id='word_1_26' title='bbox 303 674 338 715; x_wconf 76' lang='lat' dir='ltr'>ei</span> <span class='ocrx_word' id='word_1_27' title='bbox 368 673 624 716; x_wconf 78' lang='lat' dir='ltr'><em>commendat.</em></span> 
     </span>
    </p>

    <p class='ocr_par' dir='ltr' id='par_1_2' title="bbox 918 732 1541 789">
     <span class='ocr_line' id='line_1_5' title="bbox 918 732 1541 789; baseline 0 -14"><span class='ocrx_word' id='word_1_28' title='bbox 918 732 1152 785; x_wconf 64' lang='lat' dir='ltr'>Florentino,</span> <span class='ocrx_word' id='word_1_29' title='bbox 1186 748 1239 789; x_wconf 73' lang='lat'>24</span> <span class='ocrx_word' id='word_1_30' title='bbox 1268 734 1379 777; x_wconf 76' lang='lat' dir='ltr'>Maii</span> <span class='ocrx_word' id='word_1_31' title='bbox 1415 735 1541 789; x_wconf 74' lang='lat'><em>1406.</em></span> 
     </span>
    </p>

    <p class='ocr_par' dir='ltr' id='par_1_3' title="bbox 128 814 1633 3003">
     <span class='ocr_line' id='line_1_6' title="bbox 232 814 1632 872; baseline 0.001 -15"><span class='ocrx_word' id='word_1_32' title='bbox 232 814 507 857; x_wconf 88' lang='lat' dir='ltr'>Serenissimo</span> <span class='ocrx_word' id='word_1_33' title='bbox 541 826 579 857; x_wconf 93' lang='lat' dir='ltr'>et</span> <span class='ocrx_word' id='word_1_34' title='bbox 611 815 917 872; x_wconf 86' lang='lat' dir='ltr'>gloriosissimo</span> <span class='ocrx_word' id='word_1_35' title='bbox 955 817 1129 872; x_wconf 79' lang='lat' dir='ltr'>principi</span> <span class='ocrx_word' id='word_1_36' title='bbox 1163 828 1202 859; x_wconf 88' lang='lat' dir='ltr'>et</span> <span class='ocrx_word' id='word_1_37' title='bbox 1243 815 1416 860; x_wconf 88' lang='lat' dir='ltr'>domino</span> <span class='ocrx_word' id='word_1_38' title='bbox 1458 816 1632 859; x_wconf 87' lang='lat' dir='ltr'>domino</span> 
     </span>
     <span class='ocr_line' id='line_1_7' title="bbox 145 885 1633 944; baseline 0.001 -17"><span class='ocrx_word' id='word_1_39' title='bbox 145 885 375 928; x_wconf 89' lang='lat' dir='ltr'>Wladislao</span> <span class='ocrx_word' id='word_1_40' title='bbox 407 886 486 928; x_wconf 89' lang='lat' dir='ltr'>Dei</span> <span class='ocrx_word' id='word_1_41' title='bbox 519 887 647 943; x_wconf 85' lang='lat' dir='ltr'>gratia</span> <span class='ocrx_word' id='word_1_42' title='bbox 680 887 766 943; x_wconf 87' lang='lat' dir='ltr'>regi</span> <span class='ocrx_word' id='word_1_43' title='bbox 801 886 973 929; x_wconf 90' lang='lat' dir='ltr'>Polonie</span> <span class='ocrx_word' id='word_1_44' title='bbox 1013 887 1313 944; x_wconf 84' lang='lat' dir='ltr'>Lithuanieque</span> <span class='ocrx_word' id='word_1_45' title='bbox 1358 888 1530 944; x_wconf 81' lang='lat' dir='ltr'>principi</span> <span class='ocrx_word' id='word_1_46' title='bbox 1564 904 1633 929; x_wconf 89' lang='lat' dir='ltr'>su-</span> 
     </span>
     <span class='ocr_line' id='line_1_8' title="bbox 142 955 1628 1014; baseline 0.001 -16"><span class='ocrx_word' id='word_1_47' title='bbox 142 971 288 1012; x_wconf 90' lang='lat' dir='ltr'>premo</span> <span class='ocrx_word' id='word_1_48' title='bbox 315 967 354 999; x_wconf 91' lang='lat' dir='ltr'>et</span> <span class='ocrx_word' id='word_1_49' title='bbox 386 956 523 1000; x_wconf 88' lang='lat' dir='ltr'>heredi</span> <span class='ocrx_word' id='word_1_50' title='bbox 554 957 700 1000; x_wconf 88' lang='lat' dir='ltr'>Russie</span> <span class='ocrx_word' id='word_1_51' title='bbox 728 968 803 1000; x_wconf 92' lang='lat' dir='ltr'>etc.</span> <span class='ocrx_word' id='word_1_52' title='bbox 833 955 1083 999; x_wconf 80' lang='lat' dir='ltr'>benefactori</span> <span class='ocrx_word' id='word_1_53' title='bbox 1111 969 1255 1000; x_wconf 85' lang='lat' dir='ltr'>nostro</span> <span class='ocrx_word' id='word_1_54' title='bbox 1283 958 1628 1014; x_wconf 81' lang='lat' dir='ltr'>singularissimo.</span> 
     </span>
     <span class='ocr_line' id='line_1_9' title="bbox 142 1027 1633 1084; baseline 0.001 -15"><span class='ocrx_word' id='word_1_55' title='bbox 142 1027 410 1070; x_wconf 87' lang='lat' dir='ltr'>Serenissime</span> <span class='ocrx_word' id='word_1_56' title='bbox 452 1043 496 1070; x_wconf 91' lang='lat' dir='ltr'>ac</span> <span class='ocrx_word' id='word_1_57' title='bbox 539 1028 842 1084; x_wconf 78' lang='lat' dir='ltr'>gloriosissime</span> <span class='ocrx_word' id='word_1_58' title='bbox 885 1028 1074 1084; x_wconf 85' lang='lat' dir='ltr'>princeps</span> <span class='ocrx_word' id='word_1_59' title='bbox 1111 1039 1150 1070; x_wconf 90' lang='lat' dir='ltr'>et</span> <span class='ocrx_word' id='word_1_60' title='bbox 1187 1028 1357 1071; x_wconf 89' lang='lat' dir='ltr'>domine</span> <span class='ocrx_word' id='word_1_61' title='bbox 1400 1027 1633 1070; x_wconf 85' lang='lat' dir='ltr'>benefactor</span> 
     </span>
     <span class='ocr_line' id='line_1_10' title="bbox 141 1097 1633 1157; baseline 0 -16"><span class='ocrx_word' id='word_1_62' title='bbox 141 1109 282 1142; x_wconf 88' lang='lat' dir='ltr'>noster</span> <span class='ocrx_word' id='word_1_63' title='bbox 323 1099 664 1156; x_wconf 82' lang='lat' dir='ltr'>singularissime.</span> <span class='ocrx_word' id='word_1_64' title='bbox 700 1097 911 1142; x_wconf 85' lang='lat' dir='ltr'>Redeunte</span> <span class='ocrx_word' id='word_1_65' title='bbox 953 1099 1002 1141; x_wconf 87' lang='lat' dir='ltr'>de</span> <span class='ocrx_word' id='word_1_66' title='bbox 1042 1099 1190 1156; x_wconf 79' lang='lat' dir='ltr'>Apulie</span> <span class='ocrx_word' id='word_1_67' title='bbox 1235 1099 1418 1156; x_wconf 81' lang='lat' dir='ltr'>partibus</span> <span class='ocrx_word' id='word_1_68' title='bbox 1463 1100 1633 1157; x_wconf 90' lang='lat' dir='ltr'>aliisque</span> 
     </span>
     <span class='ocr_line' id='line_1_11' title="bbox 140 1168 1632 1221; baseline 0.001 -10"><span class='ocrx_word' id='word_1_69' title='bbox 140 1168 363 1213; x_wconf 73' lang='lat' dir='ltr'>venerabili</span> <span class='ocrx_word' id='word_1_70' title='bbox 389 1170 481 1213; x_wconf 79' lang='lat' dir='ltr'>viro</span> <span class='ocrx_word' id='word_1_71' title='bbox 507 1169 681 1213; x_wconf 89' lang='lat' dir='ltr'>domino</span> <span class='ocrx_word' id='word_1_72' title='bbox 710 1169 906 1221; x_wconf 83' lang='lat' dir='ltr'>Iohanne,</span> <span class='ocrx_word' id='word_1_73' title='bbox 930 1168 1192 1212; x_wconf 88' lang='lat' dir='ltr'>decretorum</span> <span class='ocrx_word' id='word_1_74' title='bbox 1220 1170 1392 1213; x_wconf 89' lang='lat' dir='ltr'>doctore</span> <span class='ocrx_word' id='word_1_75' title='bbox 1420 1171 1566 1213; x_wconf 89' lang='lat' dir='ltr'>nuntio</span> <span class='ocrx_word' id='word_1_76' title='bbox 1594 1182 1632 1213; x_wconf 90' lang='lat' dir='ltr'>et</span> 
     </span>
     <span class='ocr_line' id='line_1_12' title="bbox 141 1239 1629 1294; baseline 0.001 -12"><span class='ocrx_word' id='word_1_77' title='bbox 141 1239 340 1284; x_wconf 83' lang='lat' dir='ltr'>familiare</span> <span class='ocrx_word' id='word_1_78' title='bbox 380 1241 664 1284; x_wconf 86' lang='lat' dir='ltr'>commensale</span> <span class='ocrx_word' id='word_1_79' title='bbox 696 1241 844 1284; x_wconf 69' lang='lat' dir='ltr'>Vestre</span> <span class='ocrx_word' id='word_1_80' title='bbox 878 1241 1125 1294; x_wconf 89' lang='lat' dir='ltr'>Clementie,</span> <span class='ocrx_word' id='word_1_81' title='bbox 1160 1253 1351 1284; x_wconf 87' lang='lat' dir='ltr'>nostrum</span> <span class='ocrx_word' id='word_1_82' title='bbox 1394 1241 1629 1284; x_wconf 87' lang='lat' dir='ltr'>dominium</span> 
     </span>
     <span class='ocr_line' id='line_1_13' title="bbox 139 1311 1629 1370; baseline 0 -16"><span class='ocrx_word' id='word_1_83' title='bbox 139 1313 264 1354; x_wconf 87' lang='lat' dir='ltr'>vestri</span> <span class='ocrx_word' id='word_1_84' title='bbox 308 1324 421 1369; x_wconf 85' lang='lat' dir='ltr'>parte</span> <span class='ocrx_word' id='word_1_85' title='bbox 465 1311 732 1355; x_wconf 85' lang='lat' dir='ltr'>amicabiliter</span> <span class='ocrx_word' id='word_1_86' title='bbox 765 1323 803 1354; x_wconf 92' lang='lat' dir='ltr'>et</span> <span class='ocrx_word' id='word_1_87' title='bbox 842 1327 937 1355; x_wconf 92' lang='lat' dir='ltr'>cum</span> <span class='ocrx_word' id='word_1_88' title='bbox 981 1313 1172 1355; x_wconf 88' lang='lat' dir='ltr'>instantia</span> <span class='ocrx_word' id='word_1_89' title='bbox 1206 1313 1434 1370; x_wconf 73' lang='lat' dir='ltr'>requisivit,</span> <span class='ocrx_word' id='word_1_90' title='bbox 1469 1325 1512 1356; x_wconf 89' lang='lat' dir='ltr'>ut</span> <span class='ocrx_word' id='word_1_91' title='bbox 1555 1312 1629 1355; x_wconf 85' lang='lat' dir='ltr'>sibi</span> 
     </span>
     <span class='ocr_line' id='line_1_14' title="bbox 138 1382 1631 1440; baseline 0.001 -15"><span class='ocrx_word' id='word_1_92' title='bbox 138 1382 293 1435; x_wconf 88' lang='lat' dir='ltr'>leones,</span> <span class='ocrx_word' id='word_1_93' title='bbox 315 1397 420 1440; x_wconf 91' lang='lat' dir='ltr'>quos</span> <span class='ocrx_word' id='word_1_94' title='bbox 446 1383 543 1426; x_wconf 88' lang='lat' dir='ltr'>alias</span> <span class='ocrx_word' id='word_1_95' title='bbox 565 1399 586 1426; x_wconf 89' lang='lat' dir='ltr'>a</span> <span class='ocrx_word' id='word_1_96' title='bbox 610 1384 762 1426; x_wconf 87' lang='lat' dir='ltr'>nostris</span> <span class='ocrx_word' id='word_1_97' title='bbox 790 1383 1096 1440; x_wconf 85' lang='lat' dir='ltr'>precessoribus</span> <span class='ocrx_word' id='word_1_98' title='bbox 1118 1395 1157 1426; x_wconf 91' lang='lat' dir='ltr'>et</span> <span class='ocrx_word' id='word_1_99' title='bbox 1179 1384 1323 1427; x_wconf 90' lang='lat' dir='ltr'>litteris</span> <span class='ocrx_word' id='word_1_100' title='bbox 1346 1395 1384 1426; x_wconf 91' lang='lat' dir='ltr'>et</span> <span class='ocrx_word' id='word_1_101' title='bbox 1407 1385 1499 1426; x_wconf 83' lang='lat' dir='ltr'>viva</span> <span class='ocrx_word' id='word_1_102' title='bbox 1527 1399 1631 1427; x_wconf 82' lang='lat' dir='ltr'>voce</span> 
     </span>
     <span class='ocr_line' id='line_1_15' title="bbox 138 1454 1630 1512; baseline 0.001 -15"><span class='ocrx_word' id='word_1_103' title='bbox 138 1455 287 1499; x_wconf 84' lang='lat' dir='ltr'>Vestra</span> <span class='ocrx_word' id='word_1_104' title='bbox 328 1456 535 1499; x_wconf 85' lang='lat' dir='ltr'>Serenitas</span> <span class='ocrx_word' id='word_1_105' title='bbox 577 1470 652 1512; x_wconf 91' lang='lat' dir='ltr'>pro</span> <span class='ocrx_word' id='word_1_106' title='bbox 685 1455 882 1512; x_wconf 85' lang='lat' dir='ltr'>singulari</span> <span class='ocrx_word' id='word_1_107' title='bbox 921 1470 1093 1498; x_wconf 90' lang='lat' dir='ltr'>munere</span> <span class='ocrx_word' id='word_1_108' title='bbox 1126 1455 1418 1512; x_wconf 81' lang='lat' dir='ltr'>postulaverat,</span> <span class='ocrx_word' id='word_1_109' title='bbox 1451 1454 1630 1498; x_wconf 88' lang='lat' dir='ltr'>tradere-</span> 
     </span>
     <span class='ocr_line' id='line_1_16' title="bbox 139 1525 1621 1583; baseline 0 -15"><span class='ocrx_word' id='word_1_110' title='bbox 139 1541 247 1580; x_wconf 90' lang='lat' dir='ltr'>mus,</span> <span class='ocrx_word' id='word_1_111' title='bbox 280 1541 397 1570; x_wconf 88' lang='lat' dir='ltr'>sacro</span> <span class='ocrx_word' id='word_1_112' title='bbox 429 1537 569 1570; x_wconf 87' lang='lat' dir='ltr'>vestro</span> <span class='ocrx_word' id='word_1_113' title='bbox 602 1525 822 1569; x_wconf 83' lang='lat' dir='ltr'>diademati</span> <span class='ocrx_word' id='word_1_114' title='bbox 855 1526 1164 1583; x_wconf 88' lang='lat' dir='ltr'>presentandos.</span> <span class='ocrx_word' id='word_1_115' title='bbox 1190 1527 1281 1569; x_wconf 90' lang='lat' dir='ltr'>Nos</span> <span class='ocrx_word' id='word_1_116' title='bbox 1313 1541 1414 1569; x_wconf 90' lang='lat' dir='ltr'>vero</span> <span class='ocrx_word' id='word_1_117' title='bbox 1447 1527 1621 1569; x_wconf 87' lang='lat' dir='ltr'>scientes</span> 
     </span>
     <span class='ocr_line' id='line_1_17' title="bbox 136 1597 1626 1655; baseline 0 -14"><span class='ocrx_word' id='word_1_118' title='bbox 136 1609 337 1655; x_wconf 82' lang='lat' dir='ltr'>quantum</span> <span class='ocrx_word' id='word_1_119' title='bbox 371 1599 518 1642; x_wconf 80' lang='lat' dir='ltr'>Vestra</span> <span class='ocrx_word' id='word_1_120' title='bbox 543 1599 777 1642; x_wconf 87' lang='lat' dir='ltr'>Clementia</span> <span class='ocrx_word' id='word_1_121' title='bbox 801 1614 896 1655; x_wconf 85' lang='lat' dir='ltr'>erga</span> <span class='ocrx_word' id='word_1_122' title='bbox 920 1598 1183 1641; x_wconf 87' lang='lat' dir='ltr'>Florentinos</span> <span class='ocrx_word' id='word_1_123' title='bbox 1205 1598 1426 1641; x_wconf 88' lang='lat' dir='ltr'>dilectione</span> <span class='ocrx_word' id='word_1_124' title='bbox 1452 1597 1626 1641; x_wconf 85' lang='lat' dir='ltr'>afficitur</span> 
     </span>
     <span class='ocr_line' id='line_1_18' title="bbox 136 1668 1625 1727; baseline 0 -15"><span class='ocrx_word' id='word_1_125' title='bbox 136 1669 335 1727; x_wconf 88' lang='lat' dir='ltr'>singulari</span> <span class='ocrx_word' id='word_1_126' title='bbox 361 1685 523 1713; x_wconf 90' lang='lat' dir='ltr'>necnon</span> <span class='ocrx_word' id='word_1_127' title='bbox 550 1669 807 1723; x_wconf 88' lang='lat' dir='ltr'>affinitatem,</span> <span class='ocrx_word' id='word_1_128' title='bbox 828 1684 908 1726; x_wconf 85' lang='lat' dir='ltr'>qua</span> <span class='ocrx_word' id='word_1_129' title='bbox 940 1668 1222 1727; x_wconf 86' lang='lat' dir='ltr'>iungebamini</span> <span class='ocrx_word' id='word_1_130' title='bbox 1255 1685 1350 1712; x_wconf 91' lang='lat' dir='ltr'>cum</span> <span class='ocrx_word' id='word_1_131' title='bbox 1386 1668 1625 1713; x_wconf 89' lang='lat' dir='ltr'>celebrande</span> 
     </span>
     <span class='ocr_line' id='line_1_19' title="bbox 136 1739 1625 1797; baseline 0 -15"><span class='ocrx_word' id='word_1_132' title='bbox 136 1739 444 1797; x_wconf 89' lang='lat' dir='ltr'>indelebilisque</span> <span class='ocrx_word' id='word_1_133' title='bbox 468 1741 671 1783; x_wconf 85' lang='lat' dir='ltr'>memorie</span> <span class='ocrx_word' id='word_1_134' title='bbox 694 1740 969 1782; x_wconf 83' lang='lat' dir='ltr'>invictissimo</span> <span class='ocrx_word' id='word_1_135' title='bbox 992 1740 1357 1797; x_wconf 84' lang='lat' dir='ltr'>illustrissimoque</span> <span class='ocrx_word' id='word_1_136' title='bbox 1378 1740 1559 1797; x_wconf 89' lang='lat' dir='ltr'>principe</span> <span class='ocrx_word' id='word_1_137' title='bbox 1587 1751 1625 1782; x_wconf 91' lang='lat' dir='ltr'>et</span> 
     </span>
     <span class='ocr_line' id='line_1_20' title="bbox 135 1808 1627 1868; baseline 0 -15"><span class='ocrx_word' id='word_1_138' title='bbox 135 1808 309 1853; x_wconf 89' lang='lat' dir='ltr'>domino</span> <span class='ocrx_word' id='word_1_139' title='bbox 330 1809 504 1854; x_wconf 90' lang='lat' dir='ltr'>domino</span> <span class='ocrx_word' id='word_1_140' title='bbox 528 1811 743 1854; x_wconf 83' lang='lat' dir='ltr'>Lodovico</span> <span class='ocrx_word' id='word_1_141' title='bbox 765 1811 867 1854; x_wconf 90' lang='lat' dir='ltr'>olim</span> <span class='ocrx_word' id='word_1_142' title='bbox 892 1826 987 1867; x_wconf 80' lang='lat' dir='ltr'>rege</span> <span class='ocrx_word' id='word_1_143' title='bbox 1010 1811 1222 1868; x_wconf 89' lang='lat' dir='ltr'>Hungarie</span> <span class='ocrx_word' id='word_1_144' title='bbox 1246 1821 1322 1853; x_wconf 89' lang='lat' dir='ltr'>etc.</span> <span class='ocrx_word' id='word_1_145' title='bbox 1345 1822 1486 1853; x_wconf 87' lang='lat' dir='ltr'>nostre</span> <span class='ocrx_word' id='word_1_146' title='bbox 1509 1826 1627 1853; x_wconf 90' lang='lat' dir='ltr'>com-</span> 
     </span>
     <span class='ocr_line' id='line_1_21' title="bbox 136 1881 1625 1939; baseline 0 -15"><span class='ocrx_word' id='word_1_147' title='bbox 136 1882 349 1924; x_wconf 89' lang='lat' dir='ltr'>munitatis</span> <span class='ocrx_word' id='word_1_148' title='bbox 375 1882 708 1939; x_wconf 86' lang='lat' dir='ltr'>singularissimo</span> <span class='ocrx_word' id='word_1_149' title='bbox 734 1892 981 1939; x_wconf 89' lang='lat' dir='ltr'>protectore,</span> <span class='ocrx_word' id='word_1_150' title='bbox 1009 1893 1047 1925; x_wconf 91' lang='lat' dir='ltr'>et</span> <span class='ocrx_word' id='word_1_151' title='bbox 1074 1883 1284 1939; x_wconf 87' lang='lat' dir='ltr'>cupientes</span> <span class='ocrx_word' id='word_1_152' title='bbox 1310 1883 1410 1924; x_wconf 89' lang='lat' dir='ltr'>totis</span> <span class='ocrx_word' id='word_1_153' title='bbox 1437 1881 1625 1924; x_wconf 87' lang='lat' dir='ltr'>sensibus</span> 
     </span>
     <span class='ocr_line' id='line_1_22' title="bbox 136 1951 1622 2010; baseline 0.001 -16"><span class='ocrx_word' id='word_1_154' title='bbox 136 1953 177 1995; x_wconf 92' lang='lat' dir='ltr'>in</span> <span class='ocrx_word' id='word_1_155' title='bbox 203 1951 465 2010; x_wconf 88' lang='lat' dir='ltr'>beneplacitis</span> <span class='ocrx_word' id='word_1_156' title='bbox 488 1954 612 1996; x_wconf 90' lang='lat' dir='ltr'>vestri</span> <span class='ocrx_word' id='word_1_157' title='bbox 636 1953 774 1996; x_wconf 88' lang='lat' dir='ltr'>throni</span> <span class='ocrx_word' id='word_1_158' title='bbox 798 1964 1050 2010; x_wconf 87' lang='lat' dir='ltr'>opportunas</span> <span class='ocrx_word' id='word_1_159' title='bbox 1074 1968 1219 2010; x_wconf 85' lang='lat' dir='ltr'>operas</span> <span class='ocrx_word' id='word_1_160' title='bbox 1242 1952 1468 2010; x_wconf 87' lang='lat' dir='ltr'>indulgere,</span> <span class='ocrx_word' id='word_1_161' title='bbox 1493 1969 1622 1996; x_wconf 91' lang='lat' dir='ltr'>unum</span> 
     </span>
     <span class='ocr_line' id='line_1_23' title="bbox 135 2022 1626 2066; baseline 0 -1"><span class='ocrx_word' id='word_1_162' title='bbox 135 2022 299 2066; x_wconf 88' lang='lat' dir='ltr'>leonem</span> <span class='ocrx_word' id='word_1_163' title='bbox 321 2023 435 2066; x_wconf 90' lang='lat' dir='ltr'>leena</span> <span class='ocrx_word' id='word_1_164' title='bbox 458 2024 662 2066; x_wconf 86' lang='lat' dir='ltr'>sociatum</span> <span class='ocrx_word' id='word_1_165' title='bbox 683 2023 794 2066; x_wconf 90' lang='lat' dir='ltr'>dicto</span> <span class='ocrx_word' id='word_1_166' title='bbox 811 2023 987 2066; x_wconf 90' lang='lat' dir='ltr'>domino</span> <span class='ocrx_word' id='word_1_167' title='bbox 1005 2022 1178 2066; x_wconf 86' lang='lat' dir='ltr'>Iohanni</span> <span class='ocrx_word' id='word_1_168' title='bbox 1196 2034 1335 2066; x_wconf 91' lang='lat' dir='ltr'>vestro</span> <span class='ocrx_word' id='word_1_169' title='bbox 1353 2024 1523 2066; x_wconf 89' lang='lat' dir='ltr'>nomine</span> <span class='ocrx_word' id='word_1_170' title='bbox 1542 2024 1626 2066; x_wconf 91' lang='lat' dir='ltr'>ius-</span> 
     </span>
     <span class='ocr_line' id='line_1_24' title="bbox 134 2093 1626 2151; baseline 0 -15"><span class='ocrx_word' id='word_1_171' title='bbox 134 2093 266 2136; x_wconf 85' lang='lat' dir='ltr'>simus</span> <span class='ocrx_word' id='word_1_172' title='bbox 291 2094 506 2151; x_wconf 85' lang='lat' dir='ltr'>assignari,</span> <span class='ocrx_word' id='word_1_173' title='bbox 527 2105 570 2136; x_wconf 88' lang='lat' dir='ltr'>ut</span> <span class='ocrx_word' id='word_1_174' title='bbox 593 2095 805 2151; x_wconf 88' lang='lat' dir='ltr'>utriusque</span> <span class='ocrx_word' id='word_1_175' title='bbox 829 2108 950 2136; x_wconf 81' lang='lat' dir='ltr'>sexus</span> <span class='ocrx_word' id='word_1_176' title='bbox 973 2093 1166 2136; x_wconf 85' lang='lat' dir='ltr'>animalia</span> <span class='ocrx_word' id='word_1_177' title='bbox 1187 2093 1236 2136; x_wconf 90' lang='lat' dir='ltr'>ad</span> <span class='ocrx_word' id='word_1_178' title='bbox 1260 2093 1536 2150; x_wconf 89' lang='lat' dir='ltr'>procreandos</span> <span class='ocrx_word' id='word_1_179' title='bbox 1559 2109 1626 2136; x_wconf 90' lang='lat' dir='ltr'>ca-</span> 
     </span>
     <span class='ocr_line' id='line_1_25' title="bbox 133 2163 1626 2223; baseline 0.001 -16"><span class='ocrx_word' id='word_1_180' title='bbox 133 2164 244 2207; x_wconf 89' lang='lat' dir='ltr'>tulos</span> <span class='ocrx_word' id='word_1_181' title='bbox 266 2163 481 2208; x_wconf 85' lang='lat' dir='ltr'>haberetis.</span> <span class='ocrx_word' id='word_1_182' title='bbox 501 2165 604 2208; x_wconf 86' lang='lat' dir='ltr'>Sunt</span> <span class='ocrx_word' id='word_1_183' title='bbox 623 2165 813 2223; x_wconf 90' lang='lat' dir='ltr'>equidem</span> <span class='ocrx_word' id='word_1_184' title='bbox 838 2165 878 2207; x_wconf 84' lang='lat' dir='ltr'>hi</span> <span class='ocrx_word' id='word_1_185' title='bbox 902 2165 1043 2207; x_wconf 87' lang='lat' dir='ltr'>leones</span> <span class='ocrx_word' id='word_1_186' title='bbox 1067 2165 1295 2207; x_wconf 81' lang='lat' dir='ltr'>Florentini</span> <span class='ocrx_word' id='word_1_187' title='bbox 1311 2176 1350 2207; x_wconf 92' lang='lat' dir='ltr'>et</span> <span class='ocrx_word' id='word_1_188' title='bbox 1368 2166 1479 2216; x_wconf 86' lang='lat' dir='ltr'>satis,</span> <span class='ocrx_word' id='word_1_189' title='bbox 1496 2180 1626 2222; x_wconf 85' lang='lat' dir='ltr'>quan-</span> 
     </span>
     <span class='ocr_line' id='line_1_26' title="bbox 131 2235 1622 2294; baseline -0.001 -15"><span class='ocrx_word' id='word_1_190' title='bbox 131 2245 222 2279; x_wconf 89' lang='lat' dir='ltr'>tum</span> <span class='ocrx_word' id='word_1_191' title='bbox 248 2246 390 2279; x_wconf 90' lang='lat' dir='ltr'>natura</span> <span class='ocrx_word' id='word_1_192' title='bbox 417 2237 653 2294; x_wconf 91' lang='lat' dir='ltr'>permittere</span> <span class='ocrx_word' id='word_1_193' title='bbox 680 2237 826 2294; x_wconf 89' lang='lat' dir='ltr'>potuit,</span> <span class='ocrx_word' id='word_1_194' title='bbox 855 2236 1059 2279; x_wconf 89' lang='lat' dir='ltr'>mansueti</span> <span class='ocrx_word' id='word_1_195' title='bbox 1086 2235 1271 2293; x_wconf 88' lang='lat' dir='ltr'>deposita</span> <span class='ocrx_word' id='word_1_196' title='bbox 1300 2235 1470 2289; x_wconf 88' lang='lat' dir='ltr'>feritate,</span> <span class='ocrx_word' id='word_1_197' title='bbox 1497 2251 1622 2294; x_wconf 90' lang='lat' dir='ltr'>quam</span> 
     </span>
     <span class='ocr_line' id='line_1_27' title="bbox 133 2306 1623 2365; baseline 0 -15"><span class='ocrx_word' id='word_1_198' title='bbox 133 2307 299 2350; x_wconf 88' lang='lat' dir='ltr'>insitam</span> <span class='ocrx_word' id='word_1_199' title='bbox 332 2306 482 2351; x_wconf 86' lang='lat' dir='ltr'>habent</span> <span class='ocrx_word' id='word_1_200' title='bbox 514 2307 570 2359; x_wconf 85' lang='lat' dir='ltr'>hi,</span> <span class='ocrx_word' id='word_1_201' title='bbox 602 2308 671 2365; x_wconf 90' lang='lat' dir='ltr'>qui</span> <span class='ocrx_word' id='word_1_202' title='bbox 705 2309 747 2350; x_wconf 91' lang='lat' dir='ltr'>in</span> <span class='ocrx_word' id='word_1_203' title='bbox 781 2307 1030 2352; x_wconf 86' lang='lat' dir='ltr'>Getulorum</span> <span class='ocrx_word' id='word_1_204' title='bbox 1058 2318 1285 2350; x_wconf 87' lang='lat' dir='ltr'>naseuntur</span> <span class='ocrx_word' id='word_1_205' title='bbox 1317 2307 1557 2364; x_wconf 83' lang='lat' dir='ltr'>regionibus</span> <span class='ocrx_word' id='word_1_206' title='bbox 1584 2318 1623 2350; x_wconf 91' lang='lat' dir='ltr'>et</span> 
     </span>
     <span class='ocr_line' id='line_1_28' title="bbox 132 2376 1622 2435; baseline 0 -15"><span class='ocrx_word' id='word_1_207' title='bbox 132 2376 346 2431; x_wconf 85' lang='lat' dir='ltr'>Indorum,</span> <span class='ocrx_word' id='word_1_208' title='bbox 378 2378 420 2420; x_wconf 92' lang='lat' dir='ltr'>in</span> <span class='ocrx_word' id='word_1_209' title='bbox 452 2376 600 2435; x_wconf 87' lang='lat' dir='ltr'>quibus</span> <span class='ocrx_word' id='word_1_210' title='bbox 633 2377 857 2421; x_wconf 89' lang='lat' dir='ltr'>multitudo</span> <span class='ocrx_word' id='word_1_211' title='bbox 889 2377 1096 2421; x_wconf 90' lang='lat' dir='ltr'>dictorum</span> <span class='ocrx_word' id='word_1_212' title='bbox 1137 2378 1381 2420; x_wconf 89' lang='lat' dir='ltr'>animalium</span> <span class='ocrx_word' id='word_1_213' title='bbox 1414 2377 1622 2430; x_wconf 89' lang='lat' dir='ltr'>coalescit,</span> 
     </span>
     <span class='ocr_line' id='line_1_29' title="bbox 133 2448 1623 2507; baseline -0.001 -15"><span class='ocrx_word' id='word_1_214' title='bbox 133 2449 252 2492; x_wconf 88' lang='lat' dir='ltr'>sicuti</span> <span class='ocrx_word' id='word_1_215' title='bbox 284 2448 499 2507; x_wconf 90' lang='lat' dir='ltr'>perhibent</span> <span class='ocrx_word' id='word_1_216' title='bbox 531 2449 749 2492; x_wconf 84' lang='lat' dir='ltr'>naturales.</span> <span class='ocrx_word' id='word_1_217' title='bbox 783 2449 833 2491; x_wconf 89' lang='lat' dir='ltr'>Et</span> <span class='ocrx_word' id='word_1_218' title='bbox 865 2464 960 2491; x_wconf 88' lang='lat' dir='ltr'>cum</span> <span class='ocrx_word' id='word_1_219' title='bbox 996 2449 1166 2491; x_wconf 91' lang='lat' dir='ltr'>leonum</span> <span class='ocrx_word' id='word_1_220' title='bbox 1200 2449 1434 2506; x_wconf 82' lang='lat' dir='ltr'>complexio</span> <span class='ocrx_word' id='word_1_221' title='bbox 1467 2450 1519 2491; x_wconf 91' lang='lat' dir='ltr'>sit</span> <span class='ocrx_word' id='word_1_222' title='bbox 1552 2448 1623 2492; x_wconf 86' lang='lat' dir='ltr'>fri-</span> 
     </span>
     <span class='ocr_line' id='line_1_30' title="bbox 132 2518 1620 2577; baseline 0 -15"><span class='ocrx_word' id='word_1_223' title='bbox 132 2518 302 2576; x_wconf 86' lang='lat' dir='ltr'>goribus</span> <span class='ocrx_word' id='word_1_224' title='bbox 325 2520 506 2572; x_wconf 85' lang='lat' dir='ltr'>inimica,</span> <span class='ocrx_word' id='word_1_225' title='bbox 528 2518 638 2577; x_wconf 90' lang='lat' dir='ltr'>quod</span> <span class='ocrx_word' id='word_1_226' title='bbox 661 2530 805 2562; x_wconf 88' lang='lat' dir='ltr'>natura</span> <span class='ocrx_word' id='word_1_227' title='bbox 828 2535 952 2577; x_wconf 78' lang='lat' dir='ltr'>sagax</span> <span class='ocrx_word' id='word_1_228' title='bbox 975 2519 1168 2571; x_wconf 90' lang='lat' dir='ltr'>ostendit,</span> <span class='ocrx_word' id='word_1_229' title='bbox 1189 2535 1286 2562; x_wconf 90' lang='lat' dir='ltr'>nam</span> <span class='ocrx_word' id='word_1_230' title='bbox 1316 2521 1355 2562; x_wconf 88' lang='lat' dir='ltr'>in</span> <span class='ocrx_word' id='word_1_231' title='bbox 1384 2518 1620 2577; x_wconf 82' lang='lat' dir='ltr'>regionibus</span> 
     </span>
     <span class='ocr_line' id='line_1_31' title="bbox 131 2589 1622 2649; baseline 0 -16"><span class='ocrx_word' id='word_1_232' title='bbox 131 2602 221 2634; x_wconf 91' lang='lat' dir='ltr'>estu</span> <span class='ocrx_word' id='word_1_233' title='bbox 254 2591 506 2634; x_wconf 87' lang='lat' dir='ltr'>ferventibus</span> <span class='ocrx_word' id='word_1_234' title='bbox 538 2602 801 2649; x_wconf 88' lang='lat' dir='ltr'>generantur,</span> <span class='ocrx_word' id='word_1_235' title='bbox 828 2591 1107 2633; x_wconf 86' lang='lat' dir='ltr'>necessarium</span> <span class='ocrx_word' id='word_1_236' title='bbox 1135 2602 1211 2643; x_wconf 89' lang='lat' dir='ltr'>est,</span> <span class='ocrx_word' id='word_1_237' title='bbox 1237 2589 1348 2648; x_wconf 88' lang='lat' dir='ltr'>quod</span> <span class='ocrx_word' id='word_1_238' title='bbox 1372 2591 1520 2633; x_wconf 87' lang='lat' dir='ltr'>Vestra</span> <span class='ocrx_word' id='word_1_239' title='bbox 1549 2590 1622 2633; x_wconf 87' lang='lat' dir='ltr'>Se-</span> 
     </span>
     <span class='ocr_line' id='line_1_32' title="bbox 131 2662 1619 2719; baseline -0.001 -15"><span class='ocrx_word' id='word_1_240' title='bbox 131 2662 295 2715; x_wconf 88' lang='lat' dir='ltr'>renitas,</span> <span class='ocrx_word' id='word_1_241' title='bbox 319 2663 351 2705; x_wconf 91' lang='lat' dir='ltr'>si</span> <span class='ocrx_word' id='word_1_242' title='bbox 373 2662 581 2706; x_wconf 88' lang='lat' dir='ltr'>dictorum</span> <span class='ocrx_word' id='word_1_243' title='bbox 606 2663 848 2705; x_wconf 88' lang='lat' dir='ltr'>animalium</span> <span class='ocrx_word' id='word_1_244' title='bbox 873 2663 1001 2705; x_wconf 87' lang='lat' dir='ltr'>vitam</span> <span class='ocrx_word' id='word_1_245' title='bbox 1025 2673 1063 2704; x_wconf 94' lang='lat' dir='ltr'>et</span> <span class='ocrx_word' id='word_1_246' title='bbox 1087 2662 1242 2705; x_wconf 91' lang='lat' dir='ltr'>sobolis</span> <span class='ocrx_word' id='word_1_247' title='bbox 1265 2663 1619 2719; x_wconf 88' lang='lat' dir='ltr'>propagationem,</span> 
     </span>
     <span class='ocr_line' id='line_1_33' title="bbox 130 2732 1620 2790; baseline 0 -15"><span class='ocrx_word' id='word_1_248' title='bbox 130 2744 174 2775; x_wconf 90' lang='lat' dir='ltr'>ut</span> <span class='ocrx_word' id='word_1_249' title='bbox 202 2747 355 2786; x_wconf 89' lang='lat' dir='ltr'>remur,</span> <span class='ocrx_word' id='word_1_250' title='bbox 380 2732 596 2786; x_wconf 89' lang='lat' dir='ltr'>desiderat,</span> <span class='ocrx_word' id='word_1_251' title='bbox 621 2733 739 2776; x_wconf 89' lang='lat' dir='ltr'>faciat</span> <span class='ocrx_word' id='word_1_252' title='bbox 772 2733 994 2790; x_wconf 79' lang='lat' dir='ltr'>provideri,</span> <span class='ocrx_word' id='word_1_253' title='bbox 1017 2733 1127 2790; x_wconf 89' lang='lat' dir='ltr'>quod</span> <span class='ocrx_word' id='word_1_254' title='bbox 1157 2734 1197 2775; x_wconf 90' lang='lat' dir='ltr'>in</span> <span class='ocrx_word' id='word_1_255' title='bbox 1225 2733 1327 2776; x_wconf 89' lang='lat' dir='ltr'>locis</span> <span class='ocrx_word' id='word_1_256' title='bbox 1354 2732 1494 2776; x_wconf 85' lang='lat' dir='ltr'>calidis</span> <span class='ocrx_word' id='word_1_257' title='bbox 1521 2732 1620 2776; x_wconf 91' lang='lat' dir='ltr'>edu-</span> 
     </span>
     <span class='ocr_line' id='line_1_34' title="bbox 130 2804 1619 2861; baseline 0 -15"><span class='ocrx_word' id='word_1_258' title='bbox 130 2814 274 2846; x_wconf 89' lang='lat' dir='ltr'>centur</span> <span class='ocrx_word' id='word_1_259' title='bbox 313 2814 353 2846; x_wconf 92' lang='lat' dir='ltr'>et</span> <span class='ocrx_word' id='word_1_260' title='bbox 394 2815 598 2847; x_wconf 88' lang='lat' dir='ltr'>maneant.</span> <span class='ocrx_word' id='word_1_261' title='bbox 636 2804 904 2847; x_wconf 79' lang='lat' dir='ltr'>Conveniunt</span> <span class='ocrx_word' id='word_1_262' title='bbox 949 2819 1099 2860; x_wconf 89' lang='lat' dir='ltr'>nempe</span> <span class='ocrx_word' id='word_1_263' title='bbox 1132 2819 1228 2846; x_wconf 88' lang='lat' dir='ltr'>cum</span> <span class='ocrx_word' id='word_1_264' title='bbox 1261 2805 1373 2861; x_wconf 86' lang='lat' dir='ltr'>regia</span> <span class='ocrx_word' id='word_1_265' title='bbox 1406 2804 1619 2846; x_wconf 86' lang='lat' dir='ltr'>maiestate</span> 
     </span>
     <span class='ocr_line' id='line_1_35' title="bbox 129 2873 1615 2932; baseline -0.001 -15"><span class='ocrx_word' id='word_1_266' title='bbox 129 2873 284 2927; x_wconf 88' lang='lat' dir='ltr'>leones,</span> <span class='ocrx_word' id='word_1_267' title='bbox 314 2875 513 2932; x_wconf 85' lang='lat' dir='ltr'>quoniam</span> <span class='ocrx_word' id='word_1_268' title='bbox 551 2875 616 2918; x_wconf 91' lang='lat' dir='ltr'>leo</span> <span class='ocrx_word' id='word_1_269' title='bbox 654 2889 775 2932; x_wconf 87' lang='lat' dir='ltr'>grece</span> <span class='ocrx_word' id='word_1_270' title='bbox 809 2875 931 2917; x_wconf 87' lang='lat' dir='ltr'>latine</span> <span class='ocrx_word' id='word_1_271' title='bbox 965 2890 1033 2917; x_wconf 79' lang='lat' dir='ltr'>rex</span> <span class='ocrx_word' id='word_1_272' title='bbox 1066 2873 1228 2927; x_wconf 90' lang='lat' dir='ltr'>dicitur,</span> <span class='ocrx_word' id='word_1_273' title='bbox 1262 2876 1368 2918; x_wconf 89' lang='lat' dir='ltr'>sicut</span> <span class='ocrx_word' id='word_1_274' title='bbox 1400 2875 1512 2917; x_wconf 89' lang='lat' dir='ltr'>enim</span> <span class='ocrx_word' id='word_1_275' title='bbox 1545 2889 1615 2916; x_wconf 82' lang='lat' dir='ltr'>rex</span> 
     </span>
     <span class='ocr_line' id='line_1_36' title="bbox 128 2945 1616 3003; baseline -0.001 -14"><span class='ocrx_word' id='word_1_276' title='bbox 128 2945 324 3003; x_wconf 83' lang='lat' dir='ltr'>dignitate</span> <span class='ocrx_word' id='word_1_277' title='bbox 350 2947 529 3003; x_wconf 86' lang='lat' dir='ltr'>potentia</span> <span class='ocrx_word' id='word_1_278' title='bbox 557 2957 595 2989; x_wconf 91' lang='lat' dir='ltr'>et</span> <span class='ocrx_word' id='word_1_279' title='bbox 623 2946 962 3002; x_wconf 84' lang='lat' dir='ltr'>magnanimitate</span> <span class='ocrx_word' id='word_1_280' title='bbox 988 2957 1145 2989; x_wconf 87' lang='lat' dir='ltr'>ceteros</span> <span class='ocrx_word' id='word_1_281' title='bbox 1179 2945 1371 2988; x_wconf 90' lang='lat' dir='ltr'>homines</span> <span class='ocrx_word' id='word_1_282' title='bbox 1398 2945 1616 2997; x_wconf 90' lang='lat' dir='ltr'>antecellit,</span> 
     </span>
    </p>
   </div>
  </div>
 </body>
</html>
