2201 3554
167 447 493 506 salisfodinarum
531 447 746 506 praejectus
777 455 808 490 et
844 446 1061 504 Stephanus
1093 446 1216 496 Pexa,
1248 445 1398 501 utrique
1431 443 1476 485 de
1513 431 1653 486 Genua

171 539 206 574 et
221 532 434 575 societatem
456 529 779 588 Malabayloruut
805 537 1140 587 repraesentantes.
1166 527 1268 571 Cum
1286 526 1462 569 Paulino
1490 524 1657 568 Cavallo

170 613 246 676 alii
274 615 392 657 etiam
422 621 631 656 occurrunt
674 612 779 655 nohis
810 613 852 654 in
885 611 1051 654 Polonia
1086 618 1312 653 mercatores
1347 609 1580 658 Genuenses,
1617 615 1658 649 ut

173 697 310 740 Petrus
343 695 525 749 Camlllo,
557 695 724 738 Paulini
756 702 880 752 nepos,
900 703 910 720 ¹
945 703 980 736 et
1013 693 1223 750 Gotfredus
1254 691 1297 734 de
1324 691 1469 734 illustri
1493 689 1658 748 familia

174 780 404 824 Fattinante
419 787 435 805 ²
467 779 671 822 oriundus.
689 786 700 811 ³

264 867 399 911 Annis
433 870 691 923 1387-1395
727 865 900 914 collectae
927 865 1186 922 pecuniarum
1218 877 1393 906 summae
1424 861 1531 919 apud
1562 877 1662 904 mer-

175 960 320 995 catores
351 951 532 994 Lucanos
572 949 721 993 Turchi
752 958 786 992 et
818 949 1001 992 Morconi
1033 947 1335 1004 deponebantur,
1367 960 1444 1003 qua
1475 945 1520 986 a'e
1545 959 1661 987 causa

175 1034 302 1077 eodem
346 1041 509 1091 tempore
543 1041 769 1075 mercatores
800 1031 961 1089 quidam
999 1030 1156 1072 Lucani
1187 1029 1280 1071 duce
1312 1027 1503 1080 Iohanne,
1536 1027 1664 1084 magi-

175 1117 249 1159 stri
266 1115 436 1160 Gerardi
443 1115 549 1173 filio,
567 1116 607 1158 in
626 1114 833 1158 Poloniam
856 1113 1196 1172 proficiscmttm·‚4
1221 1127 1386 1170 quorum
1419 1112 1662 1154 advenarum

175 1201 387 1244 auctoritas
418 1207 573 1244 tantum
602 1199 706 1242 bre-vi
730 1198 871 1250 valuit,
901 1207 944 1240 ut
965 1213 1067 1240 unus
1088 1212 1234 1248 eorum,
1268 1202 1397 1253 nempe
1430 1193 1664 1246 Monaldus,

177 1290 350 1326 monetae
381 1281 551 1325 Polonae
584 1279 817 1337 reformator
849 1279 1078 1322 habeatur.5

265 1364 428 1409 Saeculo
451 1377 546 1408 ΧΙΓ
561 1372 718 1407 exeunte
745 1371 779 1407 et
801 1376 873 1406 ΧΓ
901 1364 1055 1405 ineunte
1087 1361 1196 1404 rebus
1220 1361 1460 1418 pecuniariis
1491 1373 1663 1401 camerae

176 1446 403 1506 apostolicae
435 1445 665 1490 incumbunt
710 1453 935 1488 mercatores
966 1444 1189 1488 Florentini
1220 1443 1264 1486 de
1296 1443 1474 1494 Medicis,
1511 1441 1660 1501 quibus,

177 1625 296 1660 scribit
321 1625 484 1672 predictis
510 1625 744 1666 societatibus,
762 1625 854 1670 quod
876 1636 955 1658 cum
977 1635 1115 1658 camera
1141 1623 1289 1657 debeant
1311 1622 1523 1656 concordare
1544 1628 1578 1654 et
1599 1619 1666 1653 sus-

178 1685 354 1720 ficientem
375 1685 579 1719 caucionem
598 1696 660 1730 pro
678 1684 885 1730 recipiendis
910 1691 1118 1729 prestare...
1148 1682 1202 1728 Cf.
1216 1681 1383 1724 Theiner‚
1401 1681 1476 1714 MP.
1496 1681 1522 1722 I,
1539 1691 1570 1725 p.
1587 1679 1666 1722 416,

178 1756 231 1780 nr.
256 1754 332 1789 545.

275 1810 285 1829 ¹
324 1802 377 1849 Cs.
416 1803 805 1850 Szujski—Piekosinski‚
847 1802 1122 1849 Antiquissimus
1163 1802 1248 1836 liber
1286 1801 1436 1835 civitatis
1476 1799 1668 1833 Cracoviae

180 1863 428 1908 (Monumenta
454 1863 560 1897 medii
575 1863 651 1897 aevi
674 1862 839 1897 historica
867 1873 919 1896 res
939 1870 1055 1908 gestas
1081 1861 1248 1896 poloniae
1274 1860 1494 1899 illustrantia,
1513 1859 1581 1892 vol.
1608 1857 1669 1899 IV,

179 1922 372 1958 Cracoviae
410 1922 526 1967 1878),
559 1933 610 1956 nr.
644 1920 744 1965 1625,
776 1922 833 1956 ubi
862 1922 938 1955 haec
968 1921 1145 1966 leguntur:
1171 1919 1338 1954 Nicolaus
1376 1918 1556 1964 Spiczmiri
1589 1928 1668 1951 cum

178 1982 293 2029 pueris
318 1982 388 2017 suis
405 2002 451 2006 —-
469 1982 734 2027 resignaverunt
761 1992 822 2026 pro
851 1981 954 2014 certis
980 1980 1104 2014 debitis
1129 1979 1313 2013 dimidiam
1340 1989 1516 2012 cameram
1536 1988 1669 2023 panno-

181 2053 258 2076 rum
283 2049 317 2076 et
347 2053 456 2075 unam
487 2042 632 2075 domum
659 2052 738 2074 cum
773 2039 892 2081 fundo,
919 2040 1021 2073 sitam
1052 2039 1087 2072 in
1114 2039 1226 2084 platea
1258 2037 1403 2072 fratrum
1430 2036 1606 2070 Minorum
1634 2036 1669 2069 in

179 2101 265 2143 acie,
289 2100 395 2135 Petro
419 2099 576 2138 Cavallo,
595 2100 712 2146 nepoti
740 2098 875 2134 Paulini
902 2098 1028 2132 Gallici
1055 2097 1205 2144 supparii
1229 2109 1268 2131 ac
1290 2096 1480 2143 Elyzabeth
1499 2095 1670 2129 contorali

143 2168 147 2172 '
180 2171 251 2195 sue.
278 2159 439 2194 Paulinus
466 2161 658 2194 nominatur
684 2159 735 2193 hic
757 2158 925 2200 Gallicus,
946 2159 1023 2204 quia
1049 2169 1159 2191 omnes
1186 2156 1268 2190 Itali
1291 2155 1420 2190 saeculo
1446 2162 1523 2190 XIV
1549 2157 1581 2188 in
1610 2154 1670 2188 Po-

181 2219 270 2254 lom'a
296 2224 460 2254 morantes
487 2218 626 2253 Gallicis
652 2218 969 2252 adnumerabantur.
1357 2256 1361 2257 ⁷

276 2285 291 2304 ²
319 2277 372 2324 Cf.
408 2279 505 2313 huius
537 2275 686 2313 editionis
718 2290 769 2311 nr.
796 2277 828 2318 6,
856 2288 977 2311 necnon
1003 2277 1083 2310 satis
1108 2275 1229 2309 multas
1255 2276 1484 2321 inscriptiones
1509 2275 1552 2307 ad
1578 2273 1670 2307 illum

183 2337 384 2374 Genuensem
409 2340 604 2385 pertinentes
629 2338 663 2371 in
683 2336 969 2384 Krzyzanowski‚
988 2336 1078 2370 Acta
1099 2335 1293 2370 Scabinalia
1311 2334 1570 2375 Cracoviensia‚
1587 2333 1672 2367 Cra-

182 2397 303 2433 coviae
317 2407 418 2443 1904,
427 2399 566 2444 passim,
583 2401 613 2431 et
629 2395 1015 2442 Szujski—Piekosinski,
1029 2394 1304 2440 Antiquissimus
1318 2393 1419 2427 Liber
1432 2393 1525 2426 civit.
1545 2392 1672 2426 Craco-

183 2457 276 2491 vien.
301 2458 398 2491 etiam
421 2458 560 2503 passim.

277 2522 293 2547 ³
319 2514 458 2551 Exsistit
482 2518 578 2550 etiam
608 2515 790 2550 Cracoviae
817 2514 950 2560 quidam
984 2513 1150 2547 Nicolaus
1172 2513 1338 2553 Fruolim,
1364 2513 1446 2546 cii-is
1474 2511 1673 2545 Cracovien-

183 2577 240 2617 sis,
260 2575 302 2610 ab
333 2574 467 2609 Urbano
487 2581 544 2622 pp.
569 2573 600 2607 V
622 2574 817 2621 quibusdam
851 2572 1064 2619 indulgentiis
1100 2572 1251 2612 donatus,
1279 2573 1370 2605 cuius
1409 2583 1523 2604 nomen
1551 2571 1672 2616 forsan

184 2635 345 2670 Fruosini
368 2635 538 2683 legendum
565 2640 620 2675 est,
649 2635 808 2669 fruosiui
827 2635 923 2674 enim,
946 2638 1143 2667 mercatores
1169 2631 1363 2672 florentini,
1385 2632 1493 2666 eodem
1521 2636 1673 2677 tempore,

183 2705 214 2729 a.
227 2705 242 2729 1
250 2694 293 2739 36
296 2705 327 2738 5,
343 2694 555 2729 Albanorum
572 2693 796 2740 Antiquorum
815 2705 864 2727 res
873 2694 1087 2740 pecuniarias
1104 2703 1176 2726 cum
1192 2691 1267 2725 aliis
1281 2695 1476 2738 procurant.
1498 2690 1552 2736 Cf.
1568 2691 1674 2725 Thei-

184 2764 259 2796 ner,
278 2753 354 2788 MP.
377 2753 403 2795 Ι,
425 2765 456 2800 p.
483 2752 564 2796 634.
585 2765 636 2787 nr.
655 2753 734 2796 852.

278 2819 293 2843 ⁴
320 2811 374 2858 Cf.
400 2812 497 2847 huius
520 2812 671 2847 editionis
697 2824 750 2847 nr.
780 2823 808 2846 1.

278 2878 294 2902 5
318 2871 545 2913 Piekosinski,
583 2870 618 2905 O
643 2871 804 2906 monecie
839 2872 845 2904 i
881 2871 992 2916 stopie
1019 2870 1212 2915 menniczej
1251 2879 1284 2901 w
1312 2869 1431 2903 Polsce
1460 2855 1543 2902 xlv
1571 2869 1579 2903 i
1607 2867 1672 2903 XV

184 2930 300 2966 wieku
326 2930 541 2976 (Rozprawy
570 2929 753 2964 Akademii
780 2929 872 2963 krak.
895 2937 918 2962 t.
947 2929 1008 2970 IX,
1035 2940 1066 2974 p.
1099 2938 1150 2972 57,
1181 2937 1232 2973 59,
1264 2938 1339 2970 114.
1372 2927 1463 2971 128).

326 3023 354 3053 >k
