2201 3554
139 438 269 480 rarius
310 437 461 493 recepit
492 435 558 478 die
597 435 667 494 [15
705 435 805 477 Maii
854 435 978 493 1413]
1025 450 1095 491 per
1133 449 1281 476 manus
1321 432 1531 476 Adonardi
1575 432 1624 475 de

138 509 282 552 Rictiis
314 523 389 565 pro
421 519 566 549 annata
598 507 854 563 prepositus..¹
888 505 1101 547 Plocensis
1133 506 1305 547 nomine
1344 504 1505 546 Derslai
1546 504 1626 545 Mi-

138 578 266 636 cislay
297 577 390 621 flor.
430 578 508 620 180
541 592 718 620 camere.

231 671 441 711 Florentiae,
468 671 658 705 Biblioteca
684 669 888 710 Nazionale‚
914 669 966 703 CI.
987 669 1081 706 XIX,
1108 681 1158 703 nr.
1187 670 1243 709 81,
1270 668 1437 702 Introitus
1463 676 1496 701 ct
1515 667 1627 700 exitus

136 741 275 766 camere
300 738 410 777 apost.
438 730 510 764 Ioh.
539 742 569 776 p.
597 729 713 763 XXIII
740 741 769 763 a.
791 729 907 770 tertio,
935 729 954 763 s.
988 731 1059 763 18¹¹.
1085 749 1122 753 —
1143 728 1182 762 Iu
1202 729 1376 773 margine:
1402 727 1465 761 Co.
1486 727 1626 760 Annam

138 789 274 824 Derslai
300 789 471 835 Micislay,
497 800 528 834 q.
550 789 583 822 h.
612 787 662 820 V0
689 787 733 821 so.
766 788 839 832 178.

228 899 297 941 25.
330 895 482 940 Salutio
511 909 686 938 camerae
723 908 834 937 1000
860 893 955 953 flor.
988 895 1033 937 de
1065 894 1231 937 Polonia
1259 902 1328 952 per
1355 908 1497 936 manus
1530 908 1628 935 mer—

139 976 315 1011 catorum
344 967 675 1010 Florentinorum.

1142 1039 1194 1079 17
1228 1025 1379 1068 Martii
1415 1038 1538 1078 1414.

231 1111 336 1154 Item
368 1109 663 1169 [thesaurarius
695 1109 833 1166 posuit
855 1122 931 1165 pro
952 1119 1118 1165 recepto
1140 1108 1206 1151 die
1234 1121 1281 1163 17
1308 1107 1467 1166 [Martii
1503 1106 1628 1164 1414]

140 1196 211 1239 per
250 1195 397 1224 manus
430 1179 572 1223 Caroli
605 1179 705 1222 Ceri
739 1190 778 1221 et
810 1177 1022 1221 Adonardi
1055 1178 1104 1221 de
1138 1178 1456 1234 Tornaquintiis
1494 1193 1514 1219 a
1556 1177 1631 1219 do-

143 1254 260 1297 mino
292 1251 510 1296 Leonardo
543 1251 738 1294 Iohannis
764 1249 813 1293 de
843 1250 1048 1293 Florentia
1075 1250 1296 1292 collectore
1330 1250 1369 1291 in
1395 1250 1630 1292 Gneznensi

142 1338 183 1369 et
215 1325 433 1369 Culmensi
465 1324 683 1381 provintiis
716 1323 758 1364 in
791 1322 964 1365 Polonia
997 1321 1089 1365 flor.
1129 1335 1237 1364 1000
1280 1337 1441 1364 camere
1480 1333 1517 1363 et
1556 1336 1631 1378 pro

143 1396 281 1440 soluto
306 1393 441 1439 eidem
470 1394 624 1438 Carolo
651 1408 726 1450 pro
751 1391 888 1436 dando
913 1392 952 1436 d.
981 1393 1210 1436 Mantuano
1237 1394 1280 1435 in
1307 1408 1473 1435 Summa
1503 1393 1631 1444 8000,

142 1478 188 1510 ut
218 1478 328 1525 patet
359 1467 403 1509 in
433 1466 560 1509 exitu.
581 1473 592 1492 ¹

181 1607 186 1609 Δ
238 1561 448 1603 Florentiae,
486 1561 574 1595 Bibl.
610 1560 695 1594 Nax.
735 1560 786 1594 Cl.
825 1559 921 1601 XIX,
959 1571 1011 1593 nr.
1052 1559 1108 1599 81,
1146 1559 1230 1592 Intr.
1258 1566 1290 1592 et
1318 1570 1370 1592 ex.
1399 1569 1487 1591 cam.
1522 1564 1631 1602 apost.

144 1621 218 1656 Ioh.
244 1621 374 1664 XXIII,
397 1633 427 1667 p.
450 1620 523 1655 61⁸:
550 1641 596 1645 —
622 1619 662 1653 In
691 1621 860 1665 margine:
887 1619 1037 1653 Pecunia
1064 1619 1264 1652 collectorie
1289 1616 1518 1651 Guezuensis.

234 1730 303 1771 26.
338 1725 485 1770 solutio
517 1726 560 1769 de
588 1726 762 1783 pecuniis
795 1724 1028 1785 collt⁷ct02·f'cze
1052 1724 1235 1767 Poloniae
1262 1731 1331 1780 per
1355 1737 1496 1765 manns
1522 1721 1634 1763 Ado-

145 1799 265 1842 nardi
295 1798 340 1841 de
380 1797 680 1854 Tornaqnincis.

1121 1855 1175 1898 16
1206 1854 1384 1910 Augusti
1418 1868 1544 1908 1414.

234 1940 339 1983 Item
372 1938 690 1998 [thesaurarius]
723 1939 862 1996 posuit
894 1937 978 1997 [die
1017 1938 1065 1980 16
1098 1937 1277 1993 Augusti
1315 1935 1442 1994 1414]
1471 1950 1545 1992 pro
1573 1950 1636 1977 re—

147 2022 267 2069 cepto
298 2025 428 2068 usque
459 2011 502 2052 in
533 2023 578 2066 13
616 2009 707 2052 Iulii
739 2024 809 2067 per
837 2024 984 2052 manus
1010 2007 1224 2051 Adonardi
1248 2007 1299 2050 de
1326 2006 1634 2064 Tornaquincis

146 2083 198 2127 de
229 2082 412 2140 pecuniis
444 2081 680 2124 collectorie
711 2080 885 2124 Polonie
915 2079 1007 2123 flor.
1037 2093 1060 2122 2
1070 2092 1120 2136 50
1154 2094 1316 2122 camere
1338 2090 1378 2120 et
1400 2093 1475 2135 pro
1498 2077 1635 2120 soluto

147 2153 321 2197 domino
357 2153 611 2195 Lausanensi
652 2152 973 2194 vicecamerario
1007 2166 1080 2208 pro
1113 2151 1302 2207 expensis
1341 2150 1383 2192 in
1425 2147 1561 2192 eundo
1594 2149 1636 2190 in

148 2224 361 2266 Prussiam
394 2223 437 2265 in
470 2237 636 2264 summa
670 2223 766 2274 600,
799 2232 843 2263 ut
875 2232 984 2278 patet
1017 2222 1058 2263 in
1090 2221 1249 2263 exitu.²

243 2303 452 2345 florentiae,
470 2303 556 2337 Bibl.
574 2302 722 2336 Nazion.
741 2302 793 2336 Cl.
815 2301 910 2344 XIX,
924 2314 976 2335 nr.
999 2301 1055 2343 8‘1,
1074 2301 1156 2334 Intr.
1176 2309 1210 2334 et
1232 2312 1283 2334 ex.
1298 2311 1392 2334 cain.
1415 2299 1488 2333 Ioh.
1507 2298 1637 2340 XXIII,

150 2362 170 2397 f.
197 2362 274 2408 87v.
301 2383 347 2388 —
373 2361 415 2396 In
441 2363 616 2408 margine:
643 2362 793 2396 Pecunia
818 2361 1017 2395 collectorie
1042 2360 1197 2394 Polonic.

246 2461 256 2480 ¹
284 2454 361 2489 MS.
388 2454 409 2489 f.
433 2454 509 2500 189,
531 2455 630 2489 «Pro
647 2455 679 2488 d.
707 2454 912 2496 Mantuano,
933 2455 1016 2488 item
1037 2453 1188 2500 prefatus
1214 2453 1378 2487 dominus
1403 2452 1638 2486 thesaurarius

150 2513 264 2561 posuit
291 2525 353 2560 pro
379 2514 494 2548 soluto
519 2514 575 2548 die
601 2514 691 2548 dicta
719 2514 779 2559 [17
806 2513 923 2548 Martii
956 2513 1057 2558 1414]
1086 2524 1146 2559 per
1172 2524 1296 2546 manus
1318 2511 1498 2546 Adonardi
1521 2512 1563 2545 de
1582 2523 1637 2557 pe-

150 2573 262 2608 cuniis
287 2573 486 2607 collectorie
512 2573 771 2618 provinciarum
793 2572 1011 2606 Gneznensis
1031 2580 1064 2606 et
1086 2571 1284 2605 Culmensis
1309 2570 1438 2605 Carolo
1463 2570 1558 2604 Gerii
1578 2581 1639 2615 pro

150 2631 268 2666 dando
292 2631 438 2666 domino
463 2631 657 2666 Mantuano
679 2632 714 2665 in
735 2643 873 2666 summa
895 2632 987 2666 8000
1009 2632 1043 2665 in
1063 2631 1183 2677 vigore
1204 2631 1324 2665 cedule
1346 2630 1379 2664 d.
1401 2642 1433 2665 n.
1454 2629 1528 2664 flor.
1552 2640 1640 2664 1000

152 2702 290 2726 camere
306 2705 339 2725 n.

247 2757 261 2776 ²
289 2749 342 2796 Cs.
362 2750 439 2785 MS.
465 2750 486 2784 f.
514 2760 593 2796 219,
624 2750 722 2785 «Pro
747 2751 893 2785 domino
919 2750 1082 2796 episcopo
1107 2749 1300 2784 Lausanen.
1328 2749 1416 2783 Item
1439 2749 1552 2794 posuit
1580 2758 1642 2794 pro

153 2810 268 2845 soluto
293 2821 400 2856 usque
420 2810 456 2844 in
487 2819 524 2854 13
553 2810 630 2844 Iulii
653 2830 696 2835 —-
718 2810 881 2856 episcopo
902 2809 1050 2843 Lausan.
1071 2829 1116 2833 —
1139 2809 1174 2842 in
1191 2809 1307 2842 eundo
1325 2809 1359 2842 in
1379 2808 1553 2841 Prussiam
1579 2818 1642 2852 pro

154 2868 254 2903 fictis
279 2868 311 2902 d.
337 2880 371 2903 n.
398 2868 475 2903 flor.
501 2877 569 2911 250
589 2880 727 2903 camere
745 2869 780 2902 in
806 2879 944 2902 sumnia
965 2866 1045 2909 600,
1063 2875 1100 2901 ut
1121 2875 1214 2913 patet
1233 2878 1292 2912 per
1313 2867 1473 2901 cedulam
1495 2865 1641 2900 subscri-

153 2934 250 2973 ptam
276 2938 384 2961 manu
410 2927 548 2973 propria
573 2935 606 2962 et
633 2927 770 2973 signeto
797 2926 902 2973 ipsius
928 2925 1124 2972 sigillata».

300 3031 320 3056 2
