2201 3554
1123 287 1353 342 —53-

499 398 731 456 supradicti,
766 398 872 440 bulla
906 412 1021 440 cerea
1054 398 1094 439 in
1122 397 1313 454 pendenti
1347 397 1493 455 sigillo
1518 397 1666 439 bullata
1700 398 1741 439 in
1781 411 1887 453 1429
1921 399 1984 441 in-

496 470 674 513 dictione
708 483 746 524 7,
780 468 844 511 die
881 482 932 511 22
968 470 1123 512 mensis
1157 470 1310 526 Aprilis
1345 470 1497 525 scripto
1530 479 1568 511 et
1606 468 1813 525 publicato
1857 485 1983 512 manu

496 542 691 584 Iohannis
720 539 957 593 Schabioni,
976 548 985 566 ¹
1016 539 1152 582 clerici
1175 540 1496 584 Carchoviensis
1513 539 1705 592 diocesis,
1729 539 1883 597 publici
1905 541 1986 584 im-

496 612 633 669 periali
668 612 909 654 auctoritate
942 611 1107 661 notarii,
1141 621 1179 653 et
1202 610 1544 653 recommendato
1563 609 1612 653 de
1633 610 1765 653 ducali
1787 611 1985 655 mandato

496 697 566 739 per
598 682 808 724 notarium
842 681 1123 738 supradictum
1169 681 1410 733 millesimo,
1442 681 1507 724 die
1546 691 1666 738 atque
1704 681 1911 724 indicione
1943 683 1987 724 in

496 754 575 796 alio
609 752 842 809 supradicto
887 753 1164 794 instrumento
1199 751 1540 795 recommendato
1572 750 1812 809 descriptis;
1855 752 1988 810 quod-

495 824 591 867 dam
625 823 705 866 alio
738 824 1016 865 instrumento
1049 822 1397 865 manifestationis
1431 823 1516 864 sive
1553 823 1883 880 recongnitionis
1921 823 1988 866 vel

496 894 771 937 confessionis
805 893 919 936 Pauli
953 893 1102 937 Coradi
1128 904 1168 935 et
1190 892 1386 950 Stephani
1410 892 1524 935 Bolff
1540 894 1691 950 scripto
1718 904 1757 936 et
1778 893 1986 950 publicato

497 981 621 1008 manu
655 963 819 1007 Andree
843 964 1000 1006 Mathie
1033 964 1083 1007 de
1116 964 1389 1017 Schamotuli‚
1424 964 1622 1021 imperiali
1648 965 1895 1007 auctoritate
1911 980 1987 1008 no-

495 1037 601 1089 tarii,
635 1037 677 1078 in
716 1038 821 1091 1428
856 1033 1081 1077 indictione
1117 1036 1139 1077 6
1173 1033 1237 1077 die
1276 1048 1325 1089 19
1360 1036 1516 1078 mensis
1548 1035 1653 1077 Iunii
1677 1034 1924 1089 Crachovie,
1947 1046 1987 1079 et

495 1106 838 1150 recommendato
880 1106 929 1149 de
969 1105 1102 1148 ducali
1144 1105 1338 1149 mandato
1380 1106 1429 1149 ad
1472 1105 1650 1149 eundem
1695 1105 1881 1150 officium
1915 1122 1987 1164 per

495 1193 559 1220 ser
597 1176 880 1220 Alexandrum
915 1192 936 1219 a
969 1175 1226 1229 Fomatibus‚
1265 1177 1475 1220 notarium
1509 1177 1620 1220 curie
1654 1178 1837 1232 maioris,
1876 1191 1984 1234 1429

494 1248 559 1292 die
594 1262 645 1304 27
683 1249 837 1290 mensis
870 1248 978 1299 Iulii,
1018 1248 1243 1291 indictione
1273 1261 1318 1304 7;
1352 1247 1534 1306 quodam
1568 1249 1848 1292 instrumento
1887 1251 1988 1292 eon-

495 1319 686 1362 fessionis
719 1318 914 1361 Iohannis
941 1317 990 1362 de
1024 1319 1060 1362 la
1094 1319 1205 1362 Rosa
1237 1320 1390 1376 scripto
1425 1330 1463 1362 et
1496 1318 1701 1376 publicato
1730 1335 1855 1363 manu
1882 1321 1988 1363 Vin-

493 1390 614 1432 centii
632 1389 809 1432 condam
828 1389 997 1432 Martini
1016 1389 1126 1432 Bella
1137 1390 1187 1433 de
1200 1391 1395 1442 Amonia,
1414 1390 1549 1433 clerici
1570 1390 1880 1434 Brasilaviensis
1897 1390 1988 1434 dio-

493 1462 613 1513 cesis,
636 1459 785 1517 publici
805 1460 1006 1517 imperiali
1032 1461 1274 1503 auctoritate
1297 1461 1460 1512 notarii,
1483 1461 1524 1503 in
1549 1462 1671 1516 1428,
1696 1461 1922 1504 indictione
1947 1463 1985 1515 6,

492 1530 558 1574 die
581 1530 812 1587 penultimo
840 1531 995 1573 mensis
1017 1531 1137 1582 Iunii,
1161 1541 1199 1574 et
1222 1531 1516 1574 recomendato
1548 1531 1597 1574 de
1624 1531 1756 1575 ducali
1789 1531 1985 1575 mandato

493 1616 562 1658 per
596 1617 659 1643 ser
684 1602 951 1644 Franciscum
986 1602 1184 1655 Terrazo,
1215 1604 1422 1645 notarium
1458 1603 1568 1646 curie
1602 1604 1786 1657 maiori8‚
1820 1603 1869 1648 ad
1892 1603 1986 1647 offi—

493 1673 605 1714 cium
640 1671 910 1715 dominorum
942 1671 992 1715 de
1025 1684 1147 1715 nocte
1186 1687 1308 1729 1429,
1347 1671 1411 1716 die
1457 1687 1509 1730 27
1544 1675 1701 1716 mensis
1742 1674 1846 1727 Iulii,
1879 1673 1986 1718 indi-

493 1745 628 1786 ctione
649 1747 691 1795 63
725 1743 900 1801 quadam
926 1745 1186 1787 attestatione
1213 1760 1284 1802 per
1305 1744 1480 1788 arbitros
1504 1747 1683 1802 partium
1705 1744 1983 1802 predictarum

493 1826 656 1872 accepta
688 1815 730 1874 in
763 1815 963 1857 sententia
1007 1814 1218 1858 arbitraria
1261 1815 1352 1858 data
1385 1816 1588 1868 Venetiis‚
1621 1831 1747 1873 quam
1793 1815 1985 1874 deposuit

494 1885 722 1942 Angelinus
754 1884 804 1927 de
838 1885 874 1927 la
906 1885 1023 1928 Roxa
1057 1896 1095 1928 et
1127 1902 1148 1928 a
1182 1901 1246 1928 ser
1279 1886 1462 1929 Henrico
1495 1885 1673 1930 condam
1708 1887 1824 1930 Pauli
1847 1887 1898 1931 de
1922 1888 1986 1932 Si-

494 1958 618 2009 lenis,
651 1958 813 2000 notario
845 1955 1023 2014 publico,
1051 1958 1200 2014 scripta
1224 1959 1267 2000 in
1304 1959 1428 2014 1428,
1461 1960 1617 2001 mensis
1643 1960 1823 2017 Augusti
1845 1959 1911 2003 die
1939 1974 1983 2016 33

492 2029 673 2085 visisque
705 2027 836 2070 tribus
858 2027 947 2070 aliis
981 2028 1325 2081 attestationibus,
1357 2045 1533 2087 quarum
1560 2029 1639 2073 due
1661 2030 1759 2072 alias
1782 2045 1854 2088 per
1879 2031 1986 2074 iudi-

493 2101 602 2142 cium
637 2101 886 2157 petitionum
919 2111 1081 2157 recepte
1115 2099 1266 2143 fuerint
1299 2112 1337 2143 et
1369 2101 1573 2158 publicate
1605 2112 1644 2144 et
1676 2103 1800 2144 tercia
1827 2103 1869 2145 in
1893 2118 1985 2160 pre-

493 2172 598 2213 senti
631 2186 751 2214 causa
786 2186 856 2228 per
889 2170 1059 2214 eosdem
1092 2171 1289 2214 dominos
1322 2170 1477 2214 iudices
1509 2183 1687 2229 accepta,
1716 2173 1820 2217 lecta
1857 2174 1983 2217 etiam

494 2254 532 2285 et
565 2242 792 2300 publicata3
826 2243 918 2285 viso
950 2241 1131 2300 quodam
1165 2243 1246 2286 alio
1279 2244 1558 2286 instrumento
1582 2245 1624 2286 in
1646 2243 1839 2301 pendenti
1873 2244 1984 2288 bulla

493 2328 607 2356 cerea
641 2314 906 2356 communito
926 2328 999 2370 per
1022 2313 1199 2357 eundem
1223 2329 1287 2356 ser
1310 2314 1535 2357 Michalem
1565 2315 1607 2356 in
1630 2316 1742 2358 curia
1766 2315 1983 2373 producto,

493 2386 647 2442 scripto
680 2396 718 2427 et
750 2385 958 2442 publicato
981 2401 1108 2428 manu
1141 2385 1180 2427 T
1187 2385 1313 2428 home
1347 2386 1543 2443 Stephani
1565 2385 1615 2428 de
1637 2386 1821 2441 Bochna,
1845 2387 1983 2431 clerici

495 2457 786 2500 Cracoviensis
828 2456 1020 2509 diocesis,
1052 2456 1202 2514 publici
1236 2457 1440 2514 imperiali
1473 2458 1712 2501 auctoritate
1744 2460 1908 2513 notarii,
1940 2460 1983 2502 in

500 2541 623 2584 1429,
646 2527 871 2570 indictione
890 2541 930 2584 7,
953 2528 1018 2571 die
1044 2541 1066 2570 2
1092 2529 1248 2571 mensis
1268 2528 1537 2585 Septembris,
1559 2530 1600 2571 in
1624 2529 1842 2582 Cmcovia,
1864 2541 1902 2574 et
1920 2545 1984 2573 re-

493 2598 742 2642 comendato
771 2599 821 2641 de
848 2598 982 2642 ducali
1006 2599 1201 2642 mandato
1219 2599 1267 2642 ad
1287 2598 1475 2642 officium
1494 2599 1768 2643 dominorum
1790 2600 1840 2644 de
1862 2613 1984 2645 nocte

493 2685 563 2726 per
587 2685 650 2712 ser
673 2669 870 2712 Iacobum
905 2669 1135 2721 Michaelis,
1161 2671 1370 2713 notarium
1407 2671 1534 2714 Curie
1568 2672 1752 2723 maioris,
1780 2673 1821 2714 in
1860 2686 1983 2728 1429,

493 2739 557 2783 die
591 2755 640 2796 14
666 2742 820 2783 mensis
855 2739 1095 2792 Octobris‚²
1135 2740 1359 2784 indictione
1392 2742 1441 2793 83
1476 2753 1515 2784 et
1541 2742 1752 2796 omnibus,
1775 2759 1854 2801 que
1876 2741 1984 2786 dicte

590 2841 599 2858 1
629 2833 705 2868 MS.
733 2825 917 2868 summo—n.

590 2900 602 2917 Ξ
631 2893 708 2927 MS.
738 2894 899 2927 octubris.
