2201 3554
1141 306 1372 349 ,74-

517 418 655 449 sancte
690 406 837 449 Crucis
871 406 1213 457 Bratislaviensis,
1247 406 1362 447 testis
1389 403 1614 461 productus
1641 414 1717 446 etc.
1745 403 2003 448 testificando

516 479 631 531 dixit,
664 478 773 534 quod
816 477 880 520 die
921 491 967 533 17
1013 477 1168 519 mensis
1197 477 1405 519 Februarii
1440 476 1668 519 existente¹
1704 477 1794 533 ipso
1826 486 1928 518 teste
1962 476 2004 518 in

516 548 827 606 Norimbergo²
863 548 1019 592 audivit
1052 563 1116 590 ser
1142 547 1396 591 Nicholaum
1429 547 1549 590 Vadii
1573 557 1779 604 petentem
1802 546 2002 605 quasdam

516 636 579 662 res
603 620 816 662 Vincislao
836 620 1006 661 nomine
1028 618 1244 661 Michaelis
1268 618 1477 671 Iohannis,
1501 618 1618 660 cuius
1641 615 1747 660 dicte
1771 632 1834 660 res
1873 627 2000 660 erant.

517 692 603 744 Qui
639 706 702 732 ser
730 690 967 733 Vincislaus
1010 689 1243 746 respondit:
1285 690 1358 733 Ser
1400 689 1609 731 Antonius
1651 688 1848 731 Iohannis
1890 688 2004 745 petiit

515 777 657 804 coram
691 762 842 804 iudicio
877 761 1182 804 Bratislaviensi
1224 760 1329 804 mihi
1373 758 1626 817 supradictas
1668 775 1747 813 res,
1779 759 1921 802 dicens
1954 757 2003 802 ad

515 834 651 890 ipsum
687 834 794 889 ipsas
830 844 1012 889 spectare
1045 843 1083 875 et
1110 843 1153 875 tu
1176 832 1252 885 vis,
1275 831 1386 889 quod
1410 832 1517 888 ipsas
1544 829 1640 873 dem
1672 829 1758 873 tibi.
1788 831 1867 873 Fac
1900 829 2003 873 mihi

516 905 751 947 cautionem
796 903 1085 957 sufficientem,
1129 901 1239 961 quod
1281 902 1417 945 nullus
1461 902 1547 945 ullo
1590 917 1773 959 unquam
1814 911 2004 958 tempore

516 977 686 1018 nomine
719 975 861 1032 prefati
895 990 960 1018 ser
991 975 1165 1018 Antonii
1198 986 1306 1032 petet
1339 990 1409 1017 seu
1446 975 1643 1032 inquietet
1677 988 1745 1016 me
1776 988 1851 1030 pro
1883 971 2009 1016 dictis'

516 1046 636 1089 rebus
669 1062 739 1089 seu
774 1047 898 1089 etiam
931 1046 1159 1089 Iohannem
1194 1045 1376 1099 Bancho‚
1404 1061 1424 1088 a
1452 1061 1535 1103 quo
1568 1044 1690 1087 habui
1717 1044 1846 1087 dictas
1873 1059 1938 1086 res
1965 1054 2004 1086 et

514 1116 620 1160 daho
647 1116 719 1159 tibi
746 1133 813 1160 eas
846 1117 910 1159 vel
944 1118 1205 1173 cuicumque,
1223 1114 1330 1175 [qui]
1349 1117 1521 1159 nomine
1539 1116 1666 1173 ipsius
1695 1114 1912 1157 Michaelis
1934 1129 2005 1172 pe-

514 1198 629 1230 teret.
664 1188 788 1230 Tunc
812 1187 990 1245 prefatus
1013 1202 1078 1230 ser
1100 1187 1328 1231 Nicholaus
1354 1186 1579 1244 respondit,
1606 1184 1717 1244 quod
1750 1196 1834 1228 erat
1859 1183 1914 1228 ibi
1942 1184 2006 1228 fo-

514 1259 645 1301 rensis
666 1270 705 1302 et
723 1274 805 1302 non
829 1258 997 1301 haberet
1023 1257 1273 1301 sufficientes
1300 1257 1544 1301 fideiusores
1572 1268 1611 1300 et
1634 1256 1785 1300 faceret
1807 1255 1884 1300 sibi
1911 1271 2007 1300 cau-

513 1330 687 1372 tionem.
721 1329 771 1371 Et
805 1330 857 1371 ita
882 1330 959 1386 ipsi
979 1339 1181 1371 venerunt
1202 1328 1251 1371 ad
1274 1328 1379 1372 hanc
1402 1329 1778 1385 compositionem:
1801 1327 2006 1380 videlicet,

514 1399 624 1456 quod
658 1399 837 1457 prefatus
865 1399 1092 1443 Nicholaus
1116 1398 1237 1442 Vadii
1269 1400 1335 1443 vel
1361 1399 1540 1442 Michael
1564 1399 1759 1442 Iohannis
1791 1398 1906 1442 daret
1936 1398 2003 1442 hic

514 1471 556 1512 in
588 1471 774 1513 Venetiis
819 1470 976 1527 prefato
1021 1485 1086 1513 ser
1113 1470 1327 1513 Vincislao
1370 1482 1409 1512 et
1442 1470 1615 1512 Iohanni
1649 1469 1818 1512 Bancho
1849 1469 2003 1526 plezios

514 1541 876 1585 Norimberienses
909 1540 1173 1594 sufficientes,
1200 1540 1310 1598 quod
1343 1557 1556 1599 nunquam
1588 1541 1694 1584 dicte
1727 1555 1792 1584 res
1819 1551 2005 1598 peteren-

513 1622 578 1654 tur
609 1612 775 1669 prefatis
808 1612 1022 1655 Vincislao
1066 1623 1104 1655 et
1135 1612 1309 1655 Iohanni
1342 1613 1513 1655 nomine
1550 1611 1694 1669 prefati
1737 1612 1924 1665 Antonii,
1965 1622 2006 1655 et

512 1683 622 1740 quod
656 1694 752 1726 tunc
785 1685 871 1740 ipse
904 1684 1140 1726 Vincislaus
1173 1682 1264 1726 data
1298 1684 1486 1726 cautione
1519 1681 1633 1726 daret
1670 1694 1710 1725 et
1742 1683 2005 1740 consignaret

513 1755 763 1812 supradictas
796 1771 860 1798 res
892 1755 1003 1799 dicto
1030 1755 1236 1799 Nicholao
1268 1756 1334 1798 vel
1369 1756 1599 1813 cuicunque
1627 1755 1713 1812 ipse
1740 1769 1804 1797 ser
1825 1753 2004 1797 Michael

512 1826 707 1869 Iohannis
740 1827 937 1879 voluerit3
971 1838 1010 1869 et
1043 1827 1099 1870 sic
1134 1827 1315 1870 contenti
1350 1826 1526 1870 fuerunt.

608 1939 777 1982 Venefiis,
796 1940 901 1973 Arch.
914 1940 946 1973 di
959 1939 1068 1982 Stato,
1080 1939 1183 1974 Giud.
1199 1940 1230 1974 d.
1242 1940 1348 1974 Petiz.
1365 1939 1541 1974 Estraord.
1557 1941 1637 1974 nod.
1657 1940 1755 1974 busta
1769 1939 1849 1986 908,
1865 1939 2006 1982 fasc.10,

510 1999 531 2033 f.
553 2009 606 2033 20.
626 2020 669 2024 —
690 1998 751 2032 Ed.
770 1998 992 2041 Simonsfeld,
1020 1999 1044 2041 Ι,
1072 2011 1102 2045 p.
1127 1999 1203 2044 198,
1224 2011 1276 2033 nr.
1299 1998 1374 2043 368.

600 2156 668 2198 67.
703 2153 919 2196 Fideiussio
952 2152 1182 2196 Italicorum
1213 2152 1424 2196 Cracoviae
1453 2155 1695 2196 morantium
1723 2161 1796 2211 pro
1822 2153 2002 2197 Antonio

509 2224 665 2278 Italico,
699 2223 792 2267 olim
835 2225 1033 2281 utriusque
1070 2223 1164 2267 salis
1203 2225 1398 2281 supprimo,
1439 2224 1662 2267 lVladislao
1695 2225 1776 2282 regi
1816 2223 2004 2268 Poloniae

529 2303 632 2338 acta.

503 2295 535 2352 f
1288 2354 1513 2406 Cracoviae,
1551 2369 1602 2411 23
1639 2355 1751 2398 Maii
1785 2369 1837 2411 14
1844 2368 1911 2410 31.

601 2462 828 2505 Constituti
861 2460 1021 2504 nobiles
1044 2472 1084 2504 et
1111 2460 1260 2503 famosi
1283 2461 1360 2503 viri
1381 2460 1635 2514 Anthonius,
1657 2461 1760 2504 olim
1788 2462 2002 2519 utriusque

510 2533 606 2575 salis
625 2534 856 2590 supparius,
879 2543 1094 2589 tamquam
1117 2531 1278 2575 debitor
1299 2532 1532 2589 principalis
1555 2532 1716 2575 domini
1739 2533 1870 2576 nostri
1893 2532 2002 2590 regis

509 2604 818 2661 gloriosissimi,
846 2605 1036 2662 egregius
1070 2603 1274 2646 Iohannes
1301 2602 1351 2646 de
1374 2603 1512 2661 Papia,
1533 2602 1681 2646 doctor
1703 2604 1744 2646 in
1768 2603 2004 2658 medicinis,

508 2673 693 2718 Albicius
727 2675 776 2718 de
809 2675 984 2718 Medicis
1017 2675 1114 2718 alias
1146 2674 1196 2718 de
1227 2675 1448 2727 Florentia,
1473 2673 1624 2719 Gwido
1647 2675 1856 2729 Iohannis,
1881 2675 2004 2718 frater

509 2761 732 2803 germanus
765 2746 966 2789 Anthonii
1001 2746 1193 2803 supparfi,
1227 2745 1379 2788 Paulus
1408 2745 1655 2799 Ostrosska,
1684 2747 1819 2789 incola
1848 2746 2005 2790 Craco-

607 2906 616 2923 1
647 2899 722 2934 MS.
750 2908 840 2934 ente.
940 2908 953 2925 2
980 2900 1056 2935 MS.
1086 2900 1330 2945 Horimbergo.
