2201 3554
834 313 1061 365 „69ss

202 439 315 467 mam
350 423 566 476 reddactis‚
599 422 648 465 ab
672 434 842 479 utraque
862 434 974 479 parte
1002 424 1043 464 in
1076 423 1185 464 curia
1220 421 1430 479 productis
1461 433 1501 464 et
1532 421 1581 464 de
1614 420 1687 464 du-

200 494 277 548 cali
310 494 504 538 mandato
540 492 678 536 debito
722 493 850 536 modo
895 492 1245 536 recommendans
1267 504 1306 535 ct
1327 493 1545 550 aprobatis,
1572 493 1687 544 visis,

200 566 315 609 lectis
347 576 386 608 et
417 564 917 622 diligenter.examinatis,
943 575 982 607 et
1009 563 1217 616 omnibus,
1250 579 1329 621 que
1360 575 1494 621 partes
1520 564 1605 621 ipse
1625 563 1688 606 di-

200 651 306 689 cere,
339 634 566 693 producere
598 646 637 677 et
669 635 844 692 allegare
875 635 1116 685 voluerunt3
1140 646 1179 678 et
1201 634 1468 677 consideratis
1491 633 1686 676 omnibus

199 705 508 751 considerandis
539 717 579 749 et
609 721 688 763 que
720 721 840 763 super
873 705 966 748 inde
1001 706 1148 748 merito
1171 704 1419 748 considerari
1444 704 1686 757 debuerunt,

200 793 322 836 super
354 778 431 821 hoc
466 776 605 820 habito
648 778 824 820 consilio
866 775 1066 834 diligenti,
1110 777 1245 834 primo
1294 776 1388 819 dato
1427 788 1686 819 sacramento

199 848 312 892 dicto
343 863 409 892 ser
436 848 608 891 Iohanni
633 848 801 890 Bancho
824 858 862 890 et
884 848 974 905 ipso
1000 848 1158 890 iurante
1186 863 1329 890 verum
1358 863 1446 890 esse
1474 859 1513 890 et
1539 847 1687 889 habere

199 917 362 973 debere,
394 930 438 962 ut
469 918 575 962 infra
608 920 901 962 sententiatum
934 930 1017 962 est:

290 990 455 1034 Omnes
496 1002 579 1033 tres
623 989 852 1034 concordes
885 1006 956 1048 per
994 992 1254 1043 sententiam,
1292 990 1458 1034 laudum
1501 1002 1540 1032 et
1583 989 1689 1032 arbi-

200 1062 340 1115 trium,
372 1076 444 1119 per
476 1062 674 1104 iustitiam
708 1073 747 1104 et
779 1077 925 1104 eorum
959 1060 1144 1104 officium
1189 1060 1475 1104 sententiando
1518 1076 1688 1117 possue-

201 1144 296 1176 runt
336 1133 377 1175 in
409 1132 594 1176 debiturn
639 1131 796 1175 dictum
825 1148 888 1176 ser
926 1132 1175 1175 Michaelem
1209 1132 1404 1174 Iohannis
1436 1131 1569 1175 eidem
1622 1146 1687 1174 ser

199 1203 374 1247 Iohanni
403 1204 540 1247 Banco
573 1205 615 1246 in
653 1215 854 1262 quantum
893 1216 986 1247 sunt
1015 1203 1114 1246 libre
1152 1204 1686 1260 centumtrigintaquinque,

200 1273 306 1318 soldi
352 1274 496 1318 decem
538 1286 577 1318 et
618 1286 790 1332 septem,
832 1276 966 1332 grossi
1009 1290 1092 1327 sex,
1140 1275 1297 1332 parvuli
1346 1287 1393 1316 12
1441 1288 1685 1335 grosso-runi

199 1344 248 1388 ad
289 1360 437 1388 aurum
475 1346 675 1388 ocaxione
703 1346 925 1402 premissa,
959 1343 1285 1387 condemnantes
1324 1338 1480 1386 dictum
1514 1358 1578 1386 ser
1607 1343 1689 1385 Mi-

200 1416 385 1460 chaelem
432 1416 629 1459 Iohannis
670 1417 712 1458 in
753 1418 943 1474 expensis
990 1432 1070 1473 que
1113 1427 1281 1458 sunt...
1308 1424 1317 1441 ¹
1366 1415 1509 1459 dantes
1552 1414 1688 1458 eidem

199 1503 264 1531 ser
296 1488 469 1531 Iohanni
503 1488 640 1531 Banco
674 1487 721 1531 ad
756 1488 1100 1531 intromitendum
1135 1488 1276 1530 omnia
1308 1486 1415 1530 bona
1448 1487 1618 1530 mobilia
1651 1497 1689 1529 et

198 1558 431 1602 immobilia
473 1559 570 1602 dicti
609 1574 674 1602 ser
717 1559 935 1602 Michaelis
975 1560 1170 1602 Iohannis
1203 1558 1454 1616 ubicumque
1496 1570 1690 1616 poterunt

199 1631 368 1688 reperiri
400 1642 441 1673 et
471 1646 692 1688 personam
735 1632 823 1673 eius
862 1629 1032 1673 ubilibet
1076 1629 1307 1673 carceribus
1348 1630 1521 1673 detineri
1561 1645 1689 1687 usque

199 1701 247 1745 ad
270 1702 475 1759 integram
502 1701 827 1744 satisfactionem
850 1703 1044 1745 omnium
1071 1703 1391 1759 premissorum3
1425 1700 1690 1758 intelligendo

197 1784 339 1816 tamen
370 1785 490 1831 atque
522 1771 767 1816 declarando
793 1772 903 1830 quod
932 1774 963 1815 si
993 1788 1056 1816 ser
1075 1773 1252 1815 Michael
1271 1772 1466 1815 Iohannis
1485 1771 1689 1829 prefactus

198 1860 327 1902 usque
367 1844 415 1888 ad
462 1844 870 1902 quintumdecimum
927 1845 1038 1888 diem
1083 1847 1238 1887 mensis
1280 1845 1456 1887 Ianuarii
1500 1845 1689 1901 proxime

198 1916 360 1958 venturi
392 1930 413 1958 a
445 1915 510 1959 die
542 1916 620 1958 late
654 1915 892 1960 huiusmodi
921 1917 1120 1959 sententie
1153 1914 1305 1958 iudicio
1338 1916 1585 1972 petitionum
1620 1914 1691 1958 de-

197 1985 303 2030 derit
349 1997 389 2028 et
431 1987 752 2044 consignaverit,
799 2002 871 2030 seu
918 1987 1002 2030 dari
1051 1987 1116 2029 vel
1164 1987 1401 2044 consignari
1443 1985 1582 2029 fecerit
1629 1996 1689 2028 tot

198 2058 372 2115 pignora
420 2056 663 2100 sufficientia
712 2073 782 2100 seu
834 2058 1000 2115 plezios,
1051 2057 1184 2100 eidem
1232 2056 1384 2100 iudicio
1431 2057 1600 2114 placitos
1649 2057 1689 2098 in

198 2129 311 2171 curia
341 2128 615 2182 annotandos,
651 2129 701 2172 de
734 2141 772 2172 et
814 2145 936 2187 super
976 2145 1140 2172 summa
1177 2128 1383 2172 dictorum
1424 2128 1687 2172 denariorum

198 2210 318 2257 atque
335 2200 558 2258 quantitate
576 2200 618 2243 in
641 2200 715 2243 hac
738 2201 917 2258 presenti
940 2201 1154 2253 sententia,
1182 2211 1224 2242 ut
1248 2215 1368 2258 supra
1396 2199 1626 2257 specificata
1652 2211 1691 2242 ct

198 2270 514 2328 comprehensa,
539 2281 636 2314 tunc
670 2283 709 2314 et
741 2287 790 2315 eo
824 2287 920 2314 casu
953 2272 1027 2329 ipsi
1060 2271 1221 2314 domini
1254 2270 1408 2314 iudices
1441 2271 1690 2328 suspendant

198 2343 332 2400 ipsam
373 2343 620 2386 sententiam
659 2354 698 2386 et
736 2358 811 2400 pro
854 2359 1050 2400 suspensa
1089 2342 1237 2386 habere
1279 2343 1425 2386 volunt
1470 2358 1598 2400 usque
1641 2342 1689 2385 ad

199 2429 364 2457 menses
395 2413 539 2457 decem
574 2426 613 2457 et
645 2427 743 2458 octo
774 2414 1013 2458 immediate
1047 2426 1262 2472 sequentes
1296 2431 1316 2458 a
1349 2415 1412 2458 die
1445 2416 1523 2458 late
1549 2415 1691 2458 huius-

199 2484 312 2528 modi
346 2487 547 2528 sententie
579 2485 896 2529 continuandos.
945 2487 1003 2528 Ita
1035 2497 1190 2537 tamen,
1227 2486 1336 2544 quod
1366 2486 1476 2529 idem
1511 2501 1576 2528 ser
1607 2486 1690 2528 Mi-

199 2554 312 2598 chael
343 2556 617 2613 supradictam
637 2558 905 2614 quantitatem
925 2557 1190 2601 denariorum
1209 2558 1369 2600 solvere
1386 2557 1530 2601 debeat
1553 2557 1688 2601 eidem

198 2641 265 2669 ser
295 2627 468 2670 Iohanni
501 2628 640 2671 Banco
668 2630 708 2670 in
735 2627 866 2671 tribus
893 2628 1161 2686 infrascriptis
1184 2630 1388 2681 terminis,
1410 2629 1598 2672 videlicet
1620 2644 1689 2686 per

197 2707 335 2740 totum
368 2712 555 2740 mensem
590 2699 736 2741 Marcii
770 2700 962 2755 proxime
1000 2709 1222 2741 venturum
1263 2713 1363 2755 1431
1405 2707 1497 2741 ...²
1532 2710 1689 2756 partem

198 2767 438 2821 secundam,
457 2784 558 2812 vero
582 2771 753 2812 terciam
777 2770 897 2813 aliam
916 2781 1072 2826 partem
1101 2785 1171 2828 per
1188 2781 1324 2813 totum
1344 2786 1531 2813 mensem
1555 2769 1691 2813 Octu-

298 2870 306 2888 ¹
335 2863 389 2898 Sic
416 2865 450 2898 in
480 2863 555 2899 MS.

294 2929 308 2947 ²
336 2921 444 2957 Locus
470 2923 644 2970 illegibilis.
