2201 3554
487 415 727 456 auctoritate
759 426 899 456 nostra
939 414 1096 471 quitare
1138 414 1282 471 possit,
1313 414 1475 470 plenam
1510 424 1549 455 et
1582 412 1752 455 liberam
1786 412 1978 456 concedi-

488 500 579 526 mus
606 495 749 526 tenore
781 485 1035 540 presentium
1071 483 1319 527 facultatem.
1353 484 1564 526 Volumus
1596 494 1750 536 autem,
1783 483 1894 540 quod
1926 483 1978 527 de

485 554 696 606 omnibus,
728 570 807 611 que
849 556 1152 612 premissorum
1195 555 1413 598 occasione
1447 555 1626 611 recipere
1657 552 1976 611 quomodolibet

487 641 562 667 vos
597 641 666 667 seu
700 625 875 667 alterum
910 636 1095 668 vestrum
1139 626 1364 682 continget,
1401 625 1484 668 duo
1532 623 1691 681 publica
1741 624 1976 667 consimilia

485 695 570 737 fieri
600 697 755 738 faciatis
789 696 1078 748 instrumenta,
1106 710 1286 752 quorum
1321 711 1449 737 unum
1491 693 1539 737 ad
1582 693 1735 737 dictam
1769 709 1978 737 cameram

485 766 690 809 destinare
723 768 888 819 curetis,
922 782 1046 824 penes
1083 782 1160 809 vos
1199 766 1355 824 reliquo
1399 778 1624 809 reservato.
1669 766 1825 808 Datum
1869 766 1981 809 Luce

495 853 543 893 14
575 837 768 880 kalendas
796 836 1066 894 Septembris,
1100 837 1362 894 pontificatus
1394 838 1526 880 nostri
1553 853 1663 880 anno
1695 837 1875 880 decimo.

583 932 667 977 Reg.
691 931 771 965 Vat.
807 942 865 975 311
893 932 912 965 f.
942 933 996 974 85.
1025 953 1069 957 —
1096 933 1137 966 ln
1154 932 1242 976 fine:
1269 932 1321 966 De
1343 933 1448 966 curia.
1468 932 1503 965 F.
1532 932 1775 977 Lanz[anico].
1794 953 1841 957 —-
1861 932 1899 966 L.
1918 931 1983 966 Fa-

489 992 549 1025 bri.
573 1012 616 1016 —
640 991 720 1035 Regu
749 991 883 1033 Krofta,
910 991 1141 1025 Monumenta
1168 991 1339 1026 Vaticana
1367 991 1568 1033 Boliemiae,
1591 992 1659 1025 vol.
1687 991 1730 1033 V,
1756 1003 1808 1025 nr.
1836 1001 1911 1036 147.

572 1106 640 1147 80.
682 1103 869 1146 Urbanus
895 1111 960 1160 pp.
1005 1103 1067 1145 VI
1096 1103 1264 1162 Angelo,
1289 1105 1457 1161 episcopo
1484 1103 1724 1155 castellano,
1753 1104 1794 1145 in
1826 1102 1986 1160 quibus-

488 1175 582 1216 dum
611 1174 790 1231 partibus
817 1182 1079 1230 proventumn
1111 1189 1286 1217 camerae
1317 1175 1545 1232 apostolicae
1577 1174 1779 1226 collectori,
1806 1174 1987 1228 mandat,

488 1253 677 1303 qnatenus
704 1245 890 1301 pecunias
910 1259 935 1287 cz
967 1260 1003 1287 se
1029 1244 1203 1288 collectas
1241 1245 1516 1289 mercatoribus
1549 1246 1725 1288 Lucanis
1747 1245 1983 1288 nominatim

491 1318 675 1373 expressis
705 1317 886 1373 assignet.

1292 1387 1435 1440 Lucae,
1472 1402 1522 1444 19
1558 1388 1735 1445 Augusti
1769 1389 1896 1442 1387.

582 1482 776 1526 Urbanus
802 1494 878 1525 etc.
901 1482 1138 1525 Venerabili
1173 1482 1284 1525 fratri
1308 1483 1485 1540 Angelo,
1513 1483 1711 1539 episcopo
1739 1481 1984 1534 Castellan.,

494 1553 703 1597 fructuum
736 1565 775 1597 et
808 1565 1086 1611 proventuum
1121 1569 1284 1597 camere
1322 1555 1365 1596 in
1397 1553 1607 1596 nonnullis
1649 1551 1831 1610 partibus
1869 1551 1983 1595 debi-

494 1636 634 1667 torum
673 1625 900 1676 collectori,
934 1625 1109 1667 salutem
1151 1636 1228 1667 etc.
1261 1623 1396 1667 Hodie
1438 1623 1598 1667 dilectis
1628 1623 1724 1666 filiis
1765 1623 1987 1666 Castrucio

496 1697 646 1752 Sagine
678 1707 717 1738 et
760 1697 948 1738 Antonio
980 1695 1030 1738 de
1075 1695 1207 1738 Podio
1245 1706 1283 1738 et
1317 1695 1500 1737 Martino
1543 1695 1798 1747 Giuntorini‚
1831 1691 1990 1736 civibus

495 1777 533 1808 et
555 1766 855 1809 mercatoribus
878 1766 1160 1819 Lucanorum,
1183 1767 1322 1818 sociis,
1344 1765 1568 1808 factoribus
1591 1776 1629 1807 et
1653 1762 1990 1822 procuratoribus

493 1837 741 1880 dilectorum
773 1837 957 1880 filiorum
990 1838 1091 1880 Diui
1124 1848 1162 1880 et
1185 1837 1402 1880 Michaelis
1429 1852 1474 1879 ac
1499 1837 1681 1879 Leazarii
1709 1835 1758 1879 de
1787 1835 1990 1880 Guinisiis

495 1920 534 1951 et
555 1909 781 1960 sociorum,
801 1909 957 1951 civium
978 1920 1016 1951 et
1036 1920 1317 1951 mercatorum
1336 1908 1618 1961 Lucanorum,
1637 1923 1659 1949 a
1676 1906 1991 1964 quibuscunque

496 1978 786 2022 collectoribus
828 1990 867 2022 et
909 1978 1277 2022 succollectoribus
1319 1994 1364 2021 ac
1406 1979 1495 2021 aliis
1537 1976 1786 2021 officialibus
1827 1991 1992 2020 camere

496 2050 719 2108 apostolice
746 2051 787 2092 in
820 2050 1052 2102 Alamanie,
1087 2051 1272 2102 Boemie‚
1307 2050 1506 2106 Ungarie,
1533 2049 1724 2102 polonie,
1759 2048 1991 2100 Sclavonie,

498 2121 712 2164 Dalmacie
745 2132 783 2164 et
818 2122 1023 2164 Romanie
1054 2121 1235 2178 partibus
1267 2119 1592 2163 consistentibus
1628 2131 1666 2163 et
1700 2134 1771 2176 per
1808 2134 1885 2162 nos
1918 2133 1990 2161 seu

496 2193 737 2235 auctoritate
770 2193 997 2249 apostolica
1023 2192 1226 2249 deputatis
1258 2192 1427 2243 ibidem,
1451 2207 1615 2234 necnon
1639 2190 1688 2234 ab
1711 2191 1801 2233 aliis
1824 2188 1993 2248 quibus-

499 2278 677 2319 cumque
709 2264 896 2319 personis
929 2264 1106 2320 partium
1140 2277 1496 2320 quarumcunque,
1529 2263 1597 2320 qui
1637 2261 1792 2319 prefate
1828 2275 1993 2304 camere

499 2350 765 2392 quascunque
797 2336 1064 2391 pecuniarum
1109 2350 1296 2376 summas
1330 2349 1401 2391 per
1433 2350 1477 2377 se
1521 2334 1582 2376 vel
1617 2334 1745 2376 aliurn
1780 2348 1853 2376 seu
1890 2332 1992 2376 alios

501 2421 548 2447 ex
598 2420 840 2463 quacunque
888 2421 1022 2457 causa,
1070 2416 1332 2463 preterquam
1369 2405 1419 2449 de
1468 2405 1766 2448 communibus
1813 2405 1992 2447 servitiis

501 2476 728 2529 dumtaxat,
755 2477 917 2519 solvere
949 2477 1101 2519 vellent
1133 2492 1204 2519 seu
1231 2475 1440 2530 debere-nt,
1464 2475 1704 2519 huiusmodi
1722 2475 1992 2533 pecuniarum

502 2562 689 2589 summas
717 2558 861 2590 nostro
888 2563 932 2589 ac
960 2546 1066 2590 dicte
1093 2561 1256 2591 camere
1283 2546 1490 2605 [nomine]
1517 2546 1696 2603 petendi,
1729 2544 1920 2604 exigendi
1953 2557 1992 2589 et

502 2618 738 2674 recipiendi,
760 2617 810 2661 de
834 2629 901 2660 tua
923 2629 1063 2660 tamen
1085 2618 1351 2669 conscientia,
1374 2633 1444 2675 per
1465 2628 1629 2659 nostras
1650 2617 1806 2660 litteras
1826 2617 1991 2674 plenam

503 2700 542 2730 et
562 2687 732 2731 liberam
761 2689 1045 2731 concessimus
1073 2688 1324 2741 facultatem,
1347 2699 1470 2745 prout
1491 2689 1532 2730 in
1554 2687 1710 2730 eisdem
1739 2687 1884 2730 litteris
1906 2687 1993 2744 ple-

504 2761 596 2802 nius
634 2761 880 2802 continetur.
914 2759 1115 2802 Volentes
1158 2761 1293 2817 itaque
1325 2758 1617 2802 collectoribus
1650 2769 1688 2801 et
1721 2758 1994 2801 succollecto—

505 2830 616 2873 ribus
664 2846 709 2873 ac
757 2830 1003 2873 officialibus
1051 2846 1214 2873 necnon
1261 2830 1348 2873 aliis
1396 2831 1586 2887 personis
1627 2829 1884 2882 huiusmodi,
1921 2830 1992 2887 qui

505 2903 696 2959 pecunias
730 2903 837 2959 ipsas
870 2903 1084 2955 solverint,
1117 2913 1161 2944 ut
1183 2901 1399 2959 prefertur,
1431 2900 1481 2944 de
1518 2913 1721 2959 oportuna
1764 2912 1802 2943 et
1840 2899 1993 2944 salubri
