2201 3554
796 334 1028 375 ,93-

253 429 410 472 Datum
463 430 598 472 Rome
639 429 743 493 apud
778 442 965 473 sanctum
1017 433 1184 474 Petrum
1233 445 1254 474 2
1301 432 1494 475 kalendas
1538 433 1652 485 Maii,

166 500 430 559 pontificatus
462 512 539 543 etc.
572 516 683 544 anno
714 501 978 544 duodecimo.

259 607 345 665 Reg.
371 619 452 654 Vat.
482 630 559 664 317,
586 619 607 654 s.
639 629 801 663 112-113.
829 641 872 645 —
903 620 940 653 In
958 621 1045 665 sine:
1074 621 1126 655 De
1152 622 1256 655 curia.
1274 642 1316 647 —
1339 622 1373 655 1³.
1402 622 1443 656 de
1471 622 1654 667 Montepo-

164 678 303 714 liciano.
329 699 366 703 —
400 678 538 712 Marcus
565 699 608 703 —
638 677 717 725 Reg.
744 678 880 721 Krofta,
905 691 960 725 op.
988 680 1044 714 cit.
1072 692 1121 714 nr.
1155 691 1252 725 1773.

253 834 324 877 87.
359 833 572 889 Gregorius
601 841 664 890 pp.
699 832 791 875 XII
822 833 989 888 Maste«)
1021 834 1065 875 a'e
1103 834 1336 884 Lambertis,
1377 833 1566 876 collectori
1612 836 1652 876 in

165 917 282 960 regno
313 901 514 954 Poloniae‚
548 902 728 955 mandat,
753 911 943 960 quatenus
967 903 1010 945 de
1035 903 1281 960 proventibus
1312 918 1483 946 camerae
1505 912 1654 960 aposto-

164 973 259 1017 It'cae
290 974 330 1016 in
364 972 533 1016 Polonia
568 973 712 1016 Caroli)
744 974 788 1015 de
821 973 1076 1016 Branslmciis
1108 988 1191 1029 400
1218 973 1389 1032 florenos
1420 974 1556 1016 solvat.

962 1104 1139 1156 Vitat-hii,
1177 1107 1227 1147 18
1263 1106 1439 1163 Augusti
1475 1120 1593 1161 1407.

253 1211 484 1268 Gregorius
516 1222 592 1254 etc.
627 1212 793 1254 Dilecto
824 1211 909 1254 filio
943 1211 1143 1270 Ma[t]zeo
1170 1212 1220 1255 de
1243 1212 1489 1265 Lambertis,
1523 1213 1656 1255 archi-

163 1281 340 1325 diacono
372 1281 701 1333 Vratislaviensi,
722 1283 763 1324 in
787 1297 914 1339 regno
941 1282 1138 1325 Poloniae
1162 1283 1313 1325 iurium
1333 1283 1557 1340 apostolice
1590 1299 1656 1326 ca-

163 1367 278 1396 mere
308 1351 543 1396 debitorum
583 1353 809 1406 collectori,
843 1353 1017 1396 salutem
1051 1365 1126 1396 etc.
1163 1354 1318 1396 Fervor
1348 1354 1583 1397 devotionis
1616 1366 1655 1397 et

162 1421 273 1478 fidei,
291 1439 417 1481 quem
449 1422 622 1467 dilectus
655 1423 776 1476 filius,
809 1423 958 1466 nobilis
992 1425 1068 1475 vir,
1096 1424 1274 1468 Carolus
1305 1423 1355 1467 de
1378 1425 1654 1482 Branchacys,

164 1494 284 1538 miles
303 1495 616 1552 Neapolitanus,
634 1510 777 1538 comes
795 1495 1037 1552 Campanie‚
1061 1494 1109 1538 ad
1133 1511 1210 1538 nos
1227 1507 1266 1538 et
1289 1496 1524 1539 Romanam
1551 1497 1654 1553 gerit

163 1565 392 1609 Ecclesiam
415 1580 461 1608 ac
481 1577 596 1623 grata
629 1576 668 1608 et
699 1577 863 1623 accepta
896 1567 1075 1619 servitia,
1107 1581 1186 1623 que
1218 1565 1338 1609 nobis
1370 1578 1409 1609 et
1440 1565 1546 1609 dicte
1579 1567 1655 1609 Ec-

161 1636 285 1680 clesie
302 1636 474 1680 solicitis
496 1636 643 1680 studiis
662 1636 900 1694 impendere
918 1652 1002 1679 non
1019 1637 1192 1689 desistit,
1216 1652 1299 1680 non
1324 1639 1537 1680 immerito
1560 1654 1655 1695 pro-

161 1718 390 1760 merentur,
422 1718 466 1750 ut
501 1708 589 1750 eius
622 1706 950 1760 necessitatibus,
977 1719 1177 1764 quantum
1212 1707 1384 1751 honeste
1415 1724 1654 1765 possumuS,

162 1792 445 1822 occurramus.
469 1778 695 1836 Eapropter
721 1778 932 1821 devotioni
957 1790 1025 1821 tue
1047 1779 1298 1836 presentium
1318 1791 1462 1822 tenore
1485 1778 1655 1822 manda-

163 1864 272 1903 mus,
293 1860 494 1906 quatenus
510 1848 560 1892 de
577 1850 762 1906 pecuniis
795 1849 1020 1906 apostolice
1053 1864 1215 1892 camere
1249 1864 1373 1906 penes
1405 1861 1444 1892 te
1477 1850 1654 1892 existen-

161 1919 270 1963 tibus
302 1935 374 1963 seu
405 1920 456 1964 de
487 1921 647 1978 primis,
680 1936 781 1977 quas
819 1932 857 1963 te
901 1920 1050 1963 habere
1094 1922 1320 1977 continget,
1354 1934 1438 1976 400
1471 1920 1654 1964 florenos

162 1992 251 2035 auri
274 1991 325 2035 de
351 2007 514 2035 camera
530 1992 665 2035 eidem
687 1992 842 2035 Carolo
875 1992 1019 2034 comiti
1039 2007 1109 2034 seu
1129 1993 1216 2033 eius
1243 1993 1515 2048 procuratori,
1543 1991 1591 2035 ad
1614 1990 1653 2034 id

161 2062 336 2120 speciale
358 2061 602 2106 mandatum
635 2062 815 2115 habenti,
848 2077 953 2119 quos
987 2077 1062 2104 nos
1097 2062 1171 2104 sibi
1205 2061 1255 2104 de
1287 2062 1514 2119 apostolica
1556 2061 1655 2104 libe·

161 2133 320 2176 ralitate
351 2132 572 2186 donamus,
605 2133 769 2176 studeas
796 2134 959 2176 realiter
975 2134 1199 2190 assignare,
1222 2148 1305 2175 non
1329 2133 1517 2176 obstante
1538 2148 1656 2175 man-

161 2202 259 2246 dato
297 2219 369 2260 per
390 2218 468 2247 nos
499 2215 568 2246 aut
599 2215 744 2261 gentes
777 2218 940 2246 camere
972 2203 1070 2245 alias
1113 2201 1186 2245 tibi
1231 2202 1338 2246 facto
1379 2203 1430 2246 de
1472 2204 1655 2260 pecuniis

162 2274 270 2318 dicte
311 2289 474 2317 camere
516 2289 588 2332 per
630 2275 953 2332 assignationem
988 2286 1056 2316 aut
1090 2273 1330 2316 mandatum
1373 2274 1536 2330 aliquod
1571 2289 1655 2316 non

163 2345 386 2389 solvendis.
409 2346 500 2389 Nos
522 2347 635 2388 enim
669 2346 812 2388 comiti
829 2357 898 2388 aut
920 2346 1177 2402 procuratori
1196 2344 1388 2402 predictis
1415 2344 1653 2387 absolvendi

161 2427 202 2459 te
232 2432 278 2460 ac
309 2417 492 2475 quitandi
523 2417 574 2461 de
608 2417 685 2459 hiis
717 2417 944 2470 dumtaxat,
987 2432 1066 2473 que
1111 2417 1168 2458 eis
1211 2428 1278 2458 aut
1320 2416 1435 2458 alteri
1469 2417 1652 2473 ipsorum

163 2487 238 2530 hac
269 2487 320 2531 de
352 2503 474 2531 causa
507 2504 638 2546 usque
672 2489 719 2531 ad
754 2487 979 2545 predictam
1005 2503 1214 2530 summam
1238 2487 1468 2539 tradideris,
1490 2487 1653 2544 plenam

161 2569 306 2602 tenore
336 2560 591 2616 presentium
626 2559 896 2602 concedimus
931 2557 1180 2600 facultatem.
1215 2558 1368 2600 Datum
1398 2557 1570 2600 Viterbii
1606 2571 1649 2612 15

162 2627 355 2672 kalendas
387 2628 657 2687 Septembris,
691 2628 954 2686 pontificatus
987 2628 1117 2671 nostri
1152 2642 1260 2670 anno
1293 2628 1441 2684 primo.

258 2743 343 2789 Reg.
371 2743 451 2778 Vat.
476 2743 554 2788 336,
579 2743 598 2777 f.
632 2753 706 2784 104.
722 2763 767 2766 —
783 2741 824 2774 In
851 2742 1020 2785 margine:
1052 2740 1256 2784 Assignatio
1278 2751 1339 2784 pro
1359 2739 1504 2772 domino
1526 2738 1655 2772 Carolo

161 2802 292 2837 comite
317 2801 512 2848 Campanie
533 2803 575 2836 de
598 2801 738 2836 florenis
762 2800 862 2834 IIIIc.
890 2821 935 2824 -
951 2799 990 2833 In
1008 2799 1097 2844 fine:
1125 2798 1243 2832 Gratis
1269 2798 1310 2831 de
1332 2798 1500 2831 mandato
1521 2796 1653 2830 domini

163 2860 276 2895 nostri
321 2871 418 2906 pape.
463 2860 659 2895 Collacion.
699 2860 746 2893 Io.
786 2860 828 2893 de
867 2858 981 2892 Cocli.
1022 2878 1066 2881 —
1106 2857 1143 2890 F.
1180 2857 1222 2890 de
1257 2856 1566 2900 Montcpoliciano.
1611 2875 1655 2878 —

163 2919 201 2953 P.
224 2919 267 2954 de
294 2918 460 2953 Casaciis.
