<?xml version="1.0" encoding="UTF-8"?>
<!DOCTYPE html PUBLIC "-//W3C//DTD XHTML 1.0 Transitional//EN"
    "http://www.w3.org/TR/xhtml1/DTD/xhtml1-transitional.dtd">
<html xmlns="http://www.w3.org/1999/xhtml" xml:lang="en" lang="en">
 <head>
  <title>
</title>
<meta http-equiv="Content-Type" content="text/html;charset=utf-8" />
  <meta name='ocr-system' content='tesseract 3.04.00' />
  <meta name='ocr-capabilities' content='ocr_page ocr_carea ocr_par ocr_line ocrx_word'/>
</head>
<body>
  <div class='ocr_page' id='page_1' title='image "./italiamercatoria00ptanuoft/italiamercatoria00ptanuoft_0134.png"; bbox 0 0 2201 3554; ppageno 0'>
   <div class='ocr_carea' id='block_1_1' title="bbox 1125 288 1381 330">
    <p class='ocr_par' dir='ltr' id='par_1_1' title="bbox 1125 288 1381 330">
     <span class='ocr_line' id='line_1_1' title="bbox 1125 288 1381 330; baseline 0.004 -1"><span class='ocrx_word' id='word_1_1' title='bbox 1125 312 1178 316; x_wconf 89' lang='lat'><strong>—</strong></span> <span class='ocrx_word' id='word_1_2' title='bbox 1205 288 1295 330; x_wconf 77' lang='lat'>‚106</span> <span class='ocrx_word' id='word_1_3' title='bbox 1330 315 1381 320; x_wconf 86' lang='lat'>—</span> 
     </span>
    </p>
   </div>
   <div class='ocr_carea' id='block_1_2' title="bbox 509 392 1217 438">
    <p class='ocr_par' dir='ltr' id='par_1_2' title="bbox 509 392 1217 438">
     <span class='ocr_line' id='line_1_2' title="bbox 509 392 1217 438; baseline 0.013 -15"><span class='ocrx_word' id='word_1_4' title='bbox 509 392 801 426; x_wconf 76' lang='lat' dir='ltr'>Sandomiriensis</span> <span class='ocrx_word' id='word_1_5' title='bbox 823 393 1007 438; x_wconf 78' lang='lat' dir='ltr'>palatinus,</span> <span class='ocrx_word' id='word_1_6' title='bbox 1023 395 1143 431; x_wconf 80' lang='lat' dir='ltr'>Petrus</span> <span class='ocrx_word' id='word_1_7' title='bbox 1162 409 1217 431; x_wconf 86' lang='lat' dir='ltr'>ca-</span> 
     </span>
    </p>
   </div>
   <div class='ocr_carea' id='block_1_3' title="bbox 507 450 1214 555">
    <p class='ocr_par' dir='ltr' id='par_1_3' title="bbox 507 450 1214 555">
     <span class='ocr_line' id='line_1_3' title="bbox 556 450 1078 499; baseline 0.011 -16"><span class='ocrx_word' id='word_1_8' title='bbox 556 451 614 495; x_wconf 89' lang='lat' dir='ltr'>pit.</span> <span class='ocrx_word' id='word_1_9' title='bbox 641 450 740 485; x_wconf 85' lang='lat' dir='ltr'>Crac.</span> <span class='ocrx_word' id='word_1_10' title='bbox 768 459 800 486; x_wconf 91' lang='lat' dir='ltr'>et</span> <span class='ocrx_word' id='word_1_11' title='bbox 827 451 995 487; x_wconf 86' lang='lat' dir='ltr'>Siradien.</span> <span class='ocrx_word' id='word_1_12' title='bbox 1024 465 1078 499; x_wconf 82' lang='lat'>75.</span> 
     </span>
     <span class='ocr_line' id='line_1_4' title="bbox 507 508 1214 555; baseline 0.011 -14"><span class='ocrx_word' id='word_1_13' title='bbox 507 508 652 549; x_wconf 82' lang='lat' dir='ltr'>Sandro,</span> <span class='ocrx_word' id='word_1_14' title='bbox 671 510 723 550; x_wconf 84' lang='lat' dir='ltr'>de,</span> <span class='ocrx_word' id='word_1_15' title='bbox 743 509 956 555; x_wconf 84' lang='lat' dir='ltr'>Reginaldus</span> <span class='ocrx_word' id='word_1_16' title='bbox 977 513 1020 547; x_wconf 90' lang='lat' dir='ltr'>de</span> <span class='ocrx_word' id='word_1_17' title='bbox 1038 512 1214 549; x_wconf 89' lang='lat' dir='ltr'>Florentia</span> 
     </span>
    </p>
   </div>
   <div class='ocr_carea' id='block_1_4' title="bbox 554 569 1215 618">
    <p class='ocr_par' dir='ltr' id='par_1_4' title="bbox 554 569 1215 618">
     <span class='ocr_line' id='line_1_5' title="bbox 554 569 1215 618; baseline 0.012 -18"><span class='ocrx_word' id='word_1_18' title='bbox 554 578 660 610; x_wconf 68' lang='lat' dir='ltr'>agens</span> <span class='ocrx_word' id='word_1_19' title='bbox 690 569 837 602; x_wconf 67' lang='lat' dir='ltr'>Antonii</span> <span class='ocrx_word' id='word_1_20' title='bbox 876 570 917 604; x_wconf 86' lang='lat' dir='ltr'>de</span> <span class='ocrx_word' id='word_1_21' title='bbox 957 570 1132 607; x_wconf 82' lang='lat' dir='ltr'>Florentia</span> <span class='ocrx_word' id='word_1_22' title='bbox 1163 584 1215 618; x_wconf 79' lang='lat'>34,</span> 
     </span>
    </p>
   </div>
   <div class='ocr_carea' id='block_1_5' title="bbox 504 625 1212 849">
    <p class='ocr_par' dir='ltr' id='par_1_5' title="bbox 504 625 1212 849">
     <span class='ocr_line' id='line_1_6' title="bbox 555 625 994 672; baseline 0.011 -13"><span class='ocrx_word' id='word_1_23' title='bbox 555 625 734 660; x_wconf 75' lang='lat' dir='ltr'>familiaris</span> <span class='ocrx_word' id='word_1_24' title='bbox 761 628 909 662; x_wconf 82' lang='lat' dir='ltr'>Antonii</span> <span class='ocrx_word' id='word_1_25' title='bbox 935 639 994 672; x_wconf 77' lang='lat'>44.</span> 
     </span>
     <span class='ocr_line' id='line_1_7' title="bbox 504 686 957 733; baseline 0.011 -15"><span class='ocrx_word' id='word_1_26' title='bbox 504 686 719 720; x_wconf 73' lang='lat' dir='ltr'>Sanocenses</span> <span class='ocrx_word' id='word_1_27' title='bbox 747 699 874 733; x_wconf 65' lang='lat' dir='ltr'>suppare</span> <span class='ocrx_word' id='word_1_28' title='bbox 903 691 957 733; x_wconf 69' lang='lat'>78.</span> 
     </span>
     <span class='ocr_line' id='line_1_8' title="bbox 504 744 1212 789; baseline 0.011 -12"><span class='ocrx_word' id='word_1_29' title='bbox 504 744 714 779; x_wconf 72' lang='lat' dir='ltr'>Savonensis</span> <span class='ocrx_word' id='word_1_30' title='bbox 742 755 926 789; x_wconf 84' lang='lat' dir='ltr'>mercator,</span> <span class='ocrx_word' id='word_1_31' title='bbox 952 748 1144 784; x_wconf 74' lang='lat' dir='ltr'>lolianinus</span> <span class='ocrx_word' id='word_1_32' title='bbox 1170 751 1212 785; x_wconf 91' lang='lat' dir='ltr'>de</span> 
     </span>
     <span class='ocr_line' id='line_1_9' title="bbox 552 803 963 849; baseline 0.01 -13"><span class='ocrx_word' id='word_1_33' title='bbox 552 803 791 849; x_wconf 86' lang='lat' dir='ltr'>Carmignano</span> <span class='ocrx_word' id='word_1_34' title='bbox 819 816 867 848; x_wconf 76' lang='lat' dir='ltr'>VJ,</span> <span class='ocrx_word' id='word_1_35' title='bbox 891 817 963 841; x_wconf 82' lang='lat' dir='ltr'>vm.</span> 
     </span>
    </p>
   </div>
   <div class='ocr_carea' id='block_1_6' title="bbox 503 861 1212 910">
    <p class='ocr_par' dir='ltr' id='par_1_6' title="bbox 503 861 1212 910">
     <span class='ocr_line' id='line_1_10' title="bbox 503 861 1212 910; baseline 0.011 -15"><span class='ocrx_word' id='word_1_36' title='bbox 503 861 683 908; x_wconf 82' lang='lat' dir='ltr'>Sbigneus,</span> <span class='ocrx_word' id='word_1_37' title='bbox 699 864 878 910; x_wconf 88' lang='lat' dir='ltr'>episcopus</span> <span class='ocrx_word' id='word_1_38' title='bbox 893 865 1137 903; x_wconf 82' lang='lat' dir='ltr'>Cracoviensis</span> <span class='ocrx_word' id='word_1_39' title='bbox 1158 869 1212 910; x_wconf 82' lang='lat'>26,</span> 
     </span>
    </p>
   </div>
   <div class='ocr_carea' id='block_1_7' title="bbox 481 921 1209 2931">
    <p class='ocr_par' dir='ltr' id='par_1_7' title="bbox 553 921 689 965">
     <span class='ocr_line' id='line_1_11' title="bbox 553 921 689 965; baseline 0.015 -11"><span class='ocrx_word' id='word_1_40' title='bbox 553 931 607 965; x_wconf 77' lang='lat'>27,</span> <span class='ocrx_word' id='word_1_41' title='bbox 635 921 689 965; x_wconf 78' lang='lat'>83.</span> 
     </span>
    </p>

    <p class='ocr_par' dir='ltr' id='par_1_8' title="bbox 501 979 1209 1084">
     <span class='ocr_line' id='line_1_12' title="bbox 501 979 1209 1025; baseline 0.013 -13"><span class='ocrx_word' id='word_1_42' title='bbox 501 979 716 1014; x_wconf 75' lang='lat' dir='ltr'>Scliabionus</span> <span class='ocrx_word' id='word_1_43' title='bbox 734 981 920 1025; x_wconf 77' lang='lat' dir='ltr'>Iohannes,</span> <span class='ocrx_word' id='word_1_44' title='bbox 938 986 1094 1020; x_wconf 87' lang='lat' dir='ltr'>notarius</span> <span class='ocrx_word' id='word_1_45' title='bbox 1120 987 1209 1021; x_wconf 86' lang='lat' dir='ltr'>dioc.</span> 
     </span>
     <span class='ocr_line' id='line_1_13' title="bbox 548 1037 837 1084; baseline 0.014 -13"><span class='ocrx_word' id='word_1_46' title='bbox 548 1037 754 1074; x_wconf 84' lang='lat' dir='ltr'>Cracovien.</span> <span class='ocrx_word' id='word_1_47' title='bbox 786 1042 837 1084; x_wconf 78' lang='lat'>58.</span> 
     </span>
    </p>

    <p class='ocr_par' dir='ltr' id='par_1_9' title="bbox 499 1097 1208 1193">
     <span class='ocr_line' id='line_1_14' title="bbox 499 1097 1208 1143; baseline 0.017 -14"><span class='ocrx_word' id='word_1_48' title='bbox 499 1097 653 1132; x_wconf 82' lang='lat' dir='ltr'>Schaffer</span> <span class='ocrx_word' id='word_1_49' title='bbox 670 1098 846 1143; x_wconf 71' lang='lat' dir='ltr'>Nimiaus,</span> <span class='ocrx_word' id='word_1_50' title='bbox 865 1102 1054 1138; x_wconf 78' lang='lat' dir='ltr'>advocatus</span> <span class='ocrx_word' id='word_1_51' title='bbox 1080 1105 1208 1140; x_wconf 85' lang='lat' dir='ltr'>Craco-</span> 
     </span>
     <span class='ocr_line' id='line_1_15' title="bbox 550 1158 724 1193; baseline 0.023 -4"><span class='ocrx_word' id='word_1_52' title='bbox 550 1158 640 1193; x_wconf 82' lang='lat' dir='ltr'>vien.</span> <span class='ocrx_word' id='word_1_53' title='bbox 673 1158 724 1193; x_wconf 86' lang='lat'>16.</span> 
     </span>
    </p>

    <p class='ocr_par' dir='ltr' id='par_1_10' title="bbox 499 1215 1207 1323">
     <span class='ocr_line' id='line_1_16' title="bbox 499 1215 1207 1267; baseline 0.014 -18"><span class='ocrx_word' id='word_1_54' title='bbox 499 1215 726 1260; x_wconf 70' lang='lat' dir='ltr'>Seliamotuli‚</span> <span class='ocrx_word' id='word_1_55' title='bbox 760 1219 813 1261; x_wconf 85' lang='lat' dir='ltr'>de,</span> <span class='ocrx_word' id='word_1_56' title='bbox 845 1221 1005 1255; x_wconf 78' lang='lat' dir='ltr'>Andreas</span> <span class='ocrx_word' id='word_1_57' title='bbox 1040 1223 1207 1267; x_wconf 84' lang='lat' dir='ltr'>Mathiae‚</span> 
     </span>
     <span class='ocr_line' id='line_1_17' title="bbox 547 1277 1029 1323; baseline 0.012 -14"><span class='ocrx_word' id='word_1_58' title='bbox 547 1277 702 1312; x_wconf 87' lang='lat' dir='ltr'>notarius</span> <span class='ocrx_word' id='word_1_59' title='bbox 729 1278 817 1312; x_wconf 86' lang='lat' dir='ltr'>dioc.</span> <span class='ocrx_word' id='word_1_60' title='bbox 845 1279 945 1314; x_wconf 82' lang='lat' dir='ltr'>Crac.</span> <span class='ocrx_word' id='word_1_61' title='bbox 978 1282 1029 1323; x_wconf 79' lang='lat'>58.</span> 
     </span>
    </p>

    <p class='ocr_par' dir='ltr' id='par_1_11' title="bbox 497 1334 1206 1439">
     <span class='ocr_line' id='line_1_18' title="bbox 497 1334 1206 1380; baseline 0.016 -13"><span class='ocrx_word' id='word_1_62' title='bbox 497 1334 673 1370; x_wconf 89' lang='lat' dir='ltr'>Schirmer</span> <span class='ocrx_word' id='word_1_63' title='bbox 710 1337 895 1380; x_wconf 72' lang='lat' dir='ltr'>Iohannes,</span> <span class='ocrx_word' id='word_1_64' title='bbox 922 1340 1008 1374; x_wconf 87' lang='lat' dir='ltr'>civis</span> <span class='ocrx_word' id='word_1_65' title='bbox 1045 1341 1088 1376; x_wconf 90' lang='lat' dir='ltr'>de</span> <span class='ocrx_word' id='word_1_66' title='bbox 1125 1342 1206 1377; x_wconf 84' lang='lat' dir='ltr'>Fra-</span> 
     </span>
     <span class='ocr_line' id='line_1_19' title="bbox 546 1396 801 1439; baseline 0.016 -12"><span class='ocrx_word' id='word_1_67' title='bbox 546 1396 720 1430; x_wconf 80' lang='lat' dir='ltr'>wenstadt</span> <span class='ocrx_word' id='word_1_68' title='bbox 751 1407 801 1439; x_wconf 81' lang='lat'>15.</span> 
     </span>
    </p>

    <p class='ocr_par' dir='ltr' id='par_1_12' title="bbox 497 1455 1094 1503">
     <span class='ocr_line' id='line_1_20' title="bbox 497 1455 1094 1503; baseline 0.013 -16"><span class='ocrx_word' id='word_1_69' title='bbox 497 1455 703 1489; x_wconf 83' lang='lat' dir='ltr'>schonwerk</span> <span class='ocrx_word' id='word_1_70' title='bbox 731 1456 816 1490; x_wconf 84' lang='lat' dir='ltr'>alias</span> <span class='ocrx_word' id='word_1_71' title='bbox 842 1459 941 1492; x_wconf 82' lang='lat' dir='ltr'>vario</span> <span class='ocrx_word' id='word_1_72' title='bbox 971 1460 1023 1503; x_wconf 80' lang='lat'>38,</span> <span class='ocrx_word' id='word_1_73' title='bbox 1050 1471 1094 1503; x_wconf 84' lang='lat'>42</span> 
     </span>
    </p>

    <p class='ocr_par' dir='ltr' id='par_1_13' title="bbox 496 1512 1204 1616">
     <span class='ocr_line' id='line_1_21' title="bbox 496 1512 1204 1558; baseline 0.016 -13"><span class='ocrx_word' id='word_1_74' title='bbox 496 1512 640 1547; x_wconf 82' lang='lat' dir='ltr'>Schraw</span> <span class='ocrx_word' id='word_1_75' title='bbox 666 1514 842 1558; x_wconf 69' lang='lat' dir='ltr'>Nic-olaus,</span> <span class='ocrx_word' id='word_1_76' title='bbox 862 1517 946 1552; x_wconf 85' lang='lat' dir='ltr'>civis</span> <span class='ocrx_word' id='word_1_77' title='bbox 973 1519 1015 1553; x_wconf 91' lang='lat' dir='ltr'>de</span> <span class='ocrx_word' id='word_1_78' title='bbox 1041 1519 1204 1555; x_wconf 82' lang='lat' dir='ltr'>Frawen-</span> 
     </span>
     <span class='ocr_line' id='line_1_22' title="bbox 544 1574 717 1616; baseline 0.006 -10"><span class='ocrx_word' id='word_1_79' title='bbox 544 1574 634 1607; x_wconf 86' lang='lat' dir='ltr'>stadt</span> <span class='ocrx_word' id='word_1_80' title='bbox 666 1584 717 1616; x_wconf 78' lang='lat'>15.</span> 
     </span>
    </p>

    <p class='ocr_par' dir='ltr' id='par_1_14' title="bbox 496 1632 843 1676">
     <span class='ocr_line' id='line_1_23' title="bbox 496 1632 843 1676; baseline 0.014 -11"><span class='ocrx_word' id='word_1_81' title='bbox 496 1632 680 1667; x_wconf 83' lang='lat' dir='ltr'>Sclavonia</span> <span class='ocrx_word' id='word_1_82' title='bbox 707 1634 762 1676; x_wconf 85' lang='lat'>85,</span> <span class='ocrx_word' id='word_1_83' title='bbox 788 1634 843 1670; x_wconf 84' lang='lat'>86.</span> 
     </span>
    </p>

    <p class='ocr_par' dir='ltr' id='par_1_15' title="bbox 495 1691 1203 1794">
     <span class='ocr_line' id='line_1_24' title="bbox 495 1691 1203 1737; baseline 0.014 -13"><span class='ocrx_word' id='word_1_84' title='bbox 495 1691 638 1726; x_wconf 83' lang='lat' dir='ltr'>Schuler</span> <span class='ocrx_word' id='word_1_85' title='bbox 664 1692 845 1737; x_wconf 86' lang='lat' dir='ltr'>Henricus,</span> <span class='ocrx_word' id='word_1_86' title='bbox 872 1697 958 1730; x_wconf 88' lang='lat' dir='ltr'>civis</span> <span class='ocrx_word' id='word_1_87' title='bbox 991 1697 1203 1734; x_wconf 88' lang='lat' dir='ltr'>Cracovien-</span> 
     </span>
     <span class='ocr_line' id='line_1_25' title="bbox 542 1750 661 1794; baseline 0.008 -9"><span class='ocrx_word' id='word_1_88' title='bbox 542 1751 600 1794; x_wconf 85' lang='lat' dir='ltr'>sis,</span> <span class='ocrx_word' id='word_1_89' title='bbox 630 1750 661 1786; x_wconf 88' lang='lat'>6.</span> 
     </span>
    </p>

    <p class='ocr_par' dir='ltr' id='par_1_16' title="bbox 494 1810 1202 1921">
     <span class='ocr_line' id='line_1_26' title="bbox 494 1810 1202 1864; baseline 0.014 -21"><span class='ocrx_word' id='word_1_90' title='bbox 494 1810 656 1845; x_wconf 83' lang='lat' dir='ltr'>Senensis</span> <span class='ocrx_word' id='word_1_91' title='bbox 682 1813 875 1859; x_wconf 87' lang='lat' dir='ltr'>episcopus,</span> <span class='ocrx_word' id='word_1_92' title='bbox 895 1816 1072 1851; x_wconf 85' lang='lat' dir='ltr'>Antonius</span> <span class='ocrx_word' id='word_1_93' title='bbox 1092 1819 1124 1852; x_wconf 85' lang='lat' dir='ltr'>d.</span> <span class='ocrx_word' id='word_1_94' title='bbox 1144 1830 1202 1864; x_wconf 87' lang='lat' dir='ltr'>pa-</span> 
     </span>
     <span class='ocr_line' id='line_1_27' title="bbox 541 1871 1034 1921; baseline 0.016 -18"><span class='ocrx_word' id='word_1_95' title='bbox 541 1881 605 1915; x_wconf 87' lang='lat' dir='ltr'>pae</span> <span class='ocrx_word' id='word_1_96' title='bbox 632 1871 869 1907; x_wconf 84' lang='lat' dir='ltr'>thesaurarius</span> <span class='ocrx_word' id='word_1_97' title='bbox 900 1874 951 1917; x_wconf 85' lang='lat'>16,</span> <span class='ocrx_word' id='word_1_98' title='bbox 982 1886 1034 1921; x_wconf 90' lang='lat'>17.</span> 
     </span>
    </p>

    <p class='ocr_par' dir='ltr' id='par_1_17' title="bbox 493 1928 1201 2042">
     <span class='ocr_line' id='line_1_28' title="bbox 493 1928 1201 1982; baseline 0.014 -20"><span class='ocrx_word' id='word_1_99' title='bbox 493 1928 663 1975; x_wconf 83' lang='lat' dir='ltr'>Seraphin</span> <span class='ocrx_word' id='word_1_100' title='bbox 675 1931 716 1965; x_wconf 93' lang='lat' dir='ltr'>de</span> <span class='ocrx_word' id='word_1_101' title='bbox 727 1931 910 1976; x_wconf 88' lang='lat' dir='ltr'>Cracovia,</span> <span class='ocrx_word' id='word_1_102' title='bbox 925 1936 1103 1982; x_wconf 87' lang='lat' dir='ltr'>utriusque</span> <span class='ocrx_word' id='word_1_103' title='bbox 1121 1938 1201 1972; x_wconf 83' lang='lat' dir='ltr'>salis</span> 
     </span>
     <span class='ocr_line' id='line_1_29' title="bbox 539 1989 1112 2042; baseline 0.017 -21"><span class='ocrx_word' id='word_1_104' title='bbox 539 1997 573 2022; x_wconf 91' lang='lat' dir='ltr'>et</span> <span class='ocrx_word' id='word_1_105' title='bbox 600 1989 742 2025; x_wconf 81' lang='lat' dir='ltr'>Russiae</span> <span class='ocrx_word' id='word_1_106' title='bbox 768 1994 949 2038; x_wconf 85' lang='lat' dir='ltr'>supparius</span> <span class='ocrx_word' id='word_1_107' title='bbox 974 1996 1031 2040; x_wconf 84' lang='lat'>78,</span> <span class='ocrx_word' id='word_1_108' title='bbox 1058 2006 1112 2042; x_wconf 85' lang='lat'>79.</span> 
     </span>
    </p>

    <p class='ocr_par' dir='ltr' id='par_1_18' title="bbox 491 2047 1199 2142">
     <span class='ocr_line' id='line_1_30' title="bbox 491 2047 1199 2098; baseline 0.017 -18"><span class='ocrx_word' id='word_1_109' title='bbox 491 2047 598 2082; x_wconf 83' lang='lat' dir='ltr'>Seria]</span> <span class='ocrx_word' id='word_1_110' title='bbox 625 2048 769 2092; x_wconf 89' lang='lat' dir='ltr'>Tomas,</span> <span class='ocrx_word' id='word_1_111' title='bbox 797 2063 904 2098; x_wconf 85' lang='lat' dir='ltr'>nepos</span> <span class='ocrx_word' id='word_1_112' title='bbox 934 2054 1052 2090; x_wconf 88' lang='lat' dir='ltr'>Bonae</span> <span class='ocrx_word' id='word_1_113' title='bbox 1077 2056 1199 2091; x_wconf 86' lang='lat' dir='ltr'>Bicha-</span> 
     </span>
     <span class='ocr_line' id='line_1_31' title="bbox 539 2108 706 2142; baseline 0.012 -2"><span class='ocrx_word' id='word_1_114' title='bbox 539 2119 624 2141; x_wconf 76' lang='lat' dir='ltr'>rano</span> <span class='ocrx_word' id='word_1_115' title='bbox 651 2108 706 2142; x_wconf 85' lang='lat'>82.</span> 
     </span>
    </p>

    <p class='ocr_par' dir='ltr' id='par_1_19' title="bbox 489 2165 1198 2262">
     <span class='ocr_line' id='line_1_32' title="bbox 489 2165 1198 2209; baseline 0.017 -11"><span class='ocrx_word' id='word_1_116' title='bbox 489 2165 643 2200; x_wconf 83' lang='lat' dir='ltr'>Sericum</span> <span class='ocrx_word' id='word_1_117' title='bbox 664 2167 828 2204; x_wconf 86' lang='lat' dir='ltr'>Gottfridi</span> <span class='ocrx_word' id='word_1_118' title='bbox 849 2170 1050 2209; x_wconf 84' lang='lat' dir='ltr'>Fattinante</span> <span class='ocrx_word' id='word_1_119' title='bbox 1077 2175 1110 2209; x_wconf 91' lang='lat' dir='ltr'>in</span> <span class='ocrx_word' id='word_1_120' title='bbox 1130 2175 1198 2209; x_wconf 92' lang='lat' dir='ltr'>Co-</span> 
     </span>
     <span class='ocr_line' id='line_1_33' title="bbox 535 2226 688 2262; baseline 0.013 -3"><span class='ocrx_word' id='word_1_121' title='bbox 535 2226 630 2260; x_wconf 86' lang='lat' dir='ltr'>lonia</span> <span class='ocrx_word' id='word_1_122' title='bbox 657 2226 688 2262; x_wconf 86' lang='lat'>6.</span> 
     </span>
    </p>

    <p class='ocr_par' dir='ltr' id='par_1_20' title="bbox 487 2284 1197 2400">
     <span class='ocr_line' id='line_1_34' title="bbox 487 2284 1197 2334; baseline 0.02 -17"><span class='ocrx_word' id='word_1_123' title='bbox 487 2284 601 2331; x_wconf 83' lang='lat' dir='ltr'>Siega‚</span> <span class='ocrx_word' id='word_1_124' title='bbox 611 2286 712 2330; x_wconf 83' lang='lat' dir='ltr'>della,</span> <span class='ocrx_word' id='word_1_125' title='bbox 728 2288 942 2334; x_wconf 80' lang='lat' dir='ltr'>Franciscus,</span> <span class='ocrx_word' id='word_1_126' title='bbox 957 2295 1113 2330; x_wconf 83' lang='lat' dir='ltr'>notarius</span> <span class='ocrx_word' id='word_1_127' title='bbox 1127 2308 1197 2330; x_wconf 83' lang='lat' dir='ltr'>am-</span> 
     </span>
     <span class='ocr_line' id='line_1_35' title="bbox 535 2345 1194 2400; baseline 0.021 -23"><span class='ocrx_word' id='word_1_128' title='bbox 535 2345 705 2380; x_wconf 80' lang='lat' dir='ltr'>bassiator</span> <span class='ocrx_word' id='word_1_129' title='bbox 726 2346 881 2384; x_wconf 87' lang='lat' dir='ltr'>Venetus</span> <span class='ocrx_word' id='word_1_130' title='bbox 909 2351 944 2385; x_wconf 89' lang='lat' dir='ltr'>in</span> <span class='ocrx_word' id='word_1_131' title='bbox 966 2352 1112 2389; x_wconf 90' lang='lat' dir='ltr'>Polonia</span> <span class='ocrx_word' id='word_1_132' title='bbox 1141 2367 1194 2400; x_wconf 83' lang='lat'>25.</span> 
     </span>
    </p>

    <p class='ocr_par' dir='ltr' id='par_1_21' title="bbox 486 2403 1195 2509">
     <span class='ocr_line' id='line_1_36' title="bbox 486 2403 1195 2452; baseline 0.021 -16"><span class='ocrx_word' id='word_1_133' title='bbox 486 2403 618 2438; x_wconf 86' lang='lat' dir='ltr'>Siersza</span> <span class='ocrx_word' id='word_1_134' title='bbox 627 2405 786 2452; x_wconf 83' lang='lat' dir='ltr'>(Syrcza)</span> <span class='ocrx_word' id='word_1_135' title='bbox 799 2409 883 2444; x_wconf 83' lang='lat' dir='ltr'>villa</span> <span class='ocrx_word' id='word_1_136' title='bbox 894 2411 929 2444; x_wconf 91' lang='lat' dir='ltr'>in</span> <span class='ocrx_word' id='word_1_137' title='bbox 940 2412 1098 2448; x_wconf 86' lang='lat' dir='ltr'>districtu</span> <span class='ocrx_word' id='word_1_138' title='bbox 1110 2415 1195 2450; x_wconf 84' lang='lat' dir='ltr'>Cra-</span> 
     </span>
     <span class='ocr_line' id='line_1_37' title="bbox 538 2464 774 2509; baseline 0.013 -12"><span class='ocrx_word' id='word_1_139' title='bbox 538 2464 691 2499; x_wconf 89' lang='lat' dir='ltr'>coviensi</span> <span class='ocrx_word' id='word_1_140' title='bbox 724 2476 774 2509; x_wconf 78' lang='lat'>14·</span> 
     </span>
    </p>

    <p class='ocr_par' dir='ltr' id='par_1_22' title="bbox 485 2519 1193 2627">
     <span class='ocr_line' id='line_1_38' title="bbox 485 2519 1193 2577; baseline 0.021 -24"><span class='ocrx_word' id='word_1_141' title='bbox 485 2519 626 2564; x_wconf 84' lang='lat' dir='ltr'>Sileriis‚</span> <span class='ocrx_word' id='word_1_142' title='bbox 652 2523 705 2565; x_wconf 87' lang='lat' dir='ltr'>de,</span> <span class='ocrx_word' id='word_1_143' title='bbox 728 2524 896 2562; x_wconf 86' lang='lat' dir='ltr'>Henricus</span> <span class='ocrx_word' id='word_1_144' title='bbox 915 2531 1065 2566; x_wconf 84' lang='lat' dir='ltr'>condam</span> <span class='ocrx_word' id='word_1_145' title='bbox 1084 2532 1193 2577; x_wconf 83' lang='lat' dir='ltr'>Pauli,</span> 
     </span>
     <span class='ocr_line' id='line_1_39' title="bbox 532 2583 846 2627; baseline 0.019 -14"><span class='ocrx_word' id='word_1_146' title='bbox 532 2588 644 2615; x_wconf 83' lang='lat' dir='ltr'>notar.</span> <span class='ocrx_word' id='word_1_147' title='bbox 672 2583 763 2627; x_wconf 88' lang='lat' dir='ltr'>publ.</span> <span class='ocrx_word' id='word_1_148' title='bbox 796 2585 846 2627; x_wconf 80' lang='lat'>58.</span> 
     </span>
    </p>

    <p class='ocr_par' dir='ltr' id='par_1_23' title="bbox 483 2637 1189 2742">
     <span class='ocr_line' id='line_1_40' title="bbox 483 2637 1189 2694; baseline 0.023 -24"><span class='ocrx_word' id='word_1_149' title='bbox 483 2637 688 2674; x_wconf 82' lang='lat' dir='ltr'>Siradiensis</span> <span class='ocrx_word' id='word_1_150' title='bbox 715 2643 927 2688; x_wconf 81' lang='lat' dir='ltr'>capitaneus,</span> <span class='ocrx_word' id='word_1_151' title='bbox 955 2648 1030 2682; x_wconf 74' lang='lat' dir='ltr'>vide</span> <span class='ocrx_word' id='word_1_152' title='bbox 1055 2650 1189 2694; x_wconf 86' lang='lat' dir='ltr'>Petrus,</span> 
     </span>
     <span class='ocr_line' id='line_1_41' title="bbox 531 2697 855 2742; baseline 0.022 -12"><span class='ocrx_word' id='word_1_153' title='bbox 531 2697 633 2742; x_wconf 83' lang='lat' dir='ltr'>palat.</span> <span class='ocrx_word' id='word_1_154' title='bbox 659 2698 855 2737; x_wconf 81' lang='lat' dir='ltr'>sandomir.</span> 
     </span>
    </p>

    <p class='ocr_par' dir='ltr' id='par_1_24' title="bbox 482 2754 758 2802">
     <span class='ocr_line' id='line_1_42' title="bbox 482 2754 758 2802; baseline 0.018 -14"><span class='ocrx_word' id='word_1_155' title='bbox 482 2754 677 2791; x_wconf 88' lang='lat' dir='ltr'>Smedchen</span> <span class='ocrx_word' id='word_1_156' title='bbox 706 2758 758 2802; x_wconf 84' lang='lat'>78.</span> 
     </span>
    </p>

    <p class='ocr_par' dir='ltr' id='par_1_25' title="bbox 482 2813 1188 2862">
     <span class='ocr_line' id='line_1_43' title="bbox 482 2813 1188 2862; baseline 0.023 -16"><span class='ocrx_word' id='word_1_157' title='bbox 482 2813 601 2848; x_wconf 89' lang='lat' dir='ltr'>Smedt</span> <span class='ocrx_word' id='word_1_158' title='bbox 617 2815 824 2862; x_wconf 82' lang='lat' dir='ltr'>Heymicus,</span> <span class='ocrx_word' id='word_1_159' title='bbox 839 2824 959 2857; x_wconf 88' lang='lat' dir='ltr'>consul</span> <span class='ocrx_word' id='word_1_160' title='bbox 974 2824 1119 2860; x_wconf 84' lang='lat' dir='ltr'>Cracov.</span> <span class='ocrx_word' id='word_1_161' title='bbox 1138 2838 1188 2862; x_wconf 84' lang='lat'>12.</span> 
     </span>
    </p>

    <p class='ocr_par' dir='ltr' id='par_1_26' title="bbox 481 2873 1186 2931">
     <span class='ocr_line' id='line_1_44' title="bbox 481 2873 1186 2931; baseline 0.024 -26"><span class='ocrx_word' id='word_1_162' title='bbox 481 2873 621 2908; x_wconf 84' lang='lat' dir='ltr'>Sniczer</span> <span class='ocrx_word' id='word_1_163' title='bbox 646 2874 777 2919; x_wconf 48' lang='lat' dir='ltr'>Petrus</span> <span class='ocrx_word' id='word_1_164' title='bbox 799 2880 884 2914; x_wconf 80' lang='lat' dir='ltr'>civis</span> <span class='ocrx_word' id='word_1_165' title='bbox 904 2882 1109 2920; x_wconf 83' lang='lat' dir='ltr'>Cracovien.</span> <span class='ocrx_word' id='word_1_166' title='bbox 1138 2897 1186 2931; x_wconf 79' lang='lat'>15.</span> 
     </span>
    </p>
   </div>
   <div class='ocr_carea' id='block_1_8' title="bbox 1266 402 2021 2642">
    <p class='ocr_par' dir='ltr' id='par_1_27' title="bbox 1289 402 1477 436">
     <span class='ocr_line' id='line_1_45' title="bbox 1289 402 1477 436; baseline 0.011 -2"><span class='ocrx_word' id='word_1_167' title='bbox 1289 402 1395 435; x_wconf 86' lang='lat' dir='ltr'>socha</span> <span class='ocrx_word' id='word_1_168' title='bbox 1423 402 1477 436; x_wconf 79' lang='lat'>82.</span> 
     </span>
    </p>

    <p class='ocr_par' dir='ltr' id='par_1_28' title="bbox 1289 459 1768 502">
     <span class='ocr_line' id='line_1_46' title="bbox 1289 459 1768 502; baseline 0.019 -9"><span class='ocrx_word' id='word_1_169' title='bbox 1289 459 1438 495; x_wconf 79' lang='lat' dir='ltr'>Sofferez</span> <span class='ocrx_word' id='word_1_170' title='bbox 1463 463 1536 496; x_wconf 77' lang='lat' dir='ltr'>vide</span> <span class='ocrx_word' id='word_1_171' title='bbox 1561 463 1768 502; x_wconf 86' lang='lat' dir='ltr'>Szafraniec.</span> 
     </span>
    </p>

    <p class='ocr_par' dir='ltr' id='par_1_29' title="bbox 1288 518 2021 614">
     <span class='ocr_line' id='line_1_47' title="bbox 1288 518 2021 567; baseline 0.018 -16"><span class='ocrx_word' id='word_1_172' title='bbox 1288 518 1466 563; x_wconf 84' lang='lat' dir='ltr'>Spiczmiri</span> <span class='ocrx_word' id='word_1_173' title='bbox 1487 521 1663 567; x_wconf 80' lang='lat' dir='ltr'>Nicolaus,</span> <span class='ocrx_word' id='word_1_174' title='bbox 1681 525 1766 560; x_wconf 86' lang='lat' dir='ltr'>civis</span> <span class='ocrx_word' id='word_1_175' title='bbox 1785 526 1995 563; x_wconf 85' lang='lat' dir='ltr'>Cracovien-</span> <span class='ocrx_word' id='word_1_176' title='bbox 2015 537 2021 541; x_wconf 85' lang='lat'>&#39;</span> 
     </span>
     <span class='ocr_line' id='line_1_48' title="bbox 1335 579 1453 614; baseline 0.017 -2"><span class='ocrx_word' id='word_1_177' title='bbox 1335 579 1381 612; x_wconf 89' lang='lat' dir='ltr'>sis</span> <span class='ocrx_word' id='word_1_178' title='bbox 1407 590 1453 614; x_wconf 76' lang='lat' dir='ltr'>lx.</span> 
     </span>
    </p>

    <p class='ocr_par' dir='ltr' id='par_1_30' title="bbox 1286 636 1994 803">
     <span class='ocr_line' id='line_1_49' title="bbox 1286 636 1993 685; baseline 0.017 -15"><span class='ocrx_word' id='word_1_179' title='bbox 1286 636 1411 682; x_wconf 81' lang='lat' dir='ltr'>Spinis,</span> <span class='ocrx_word' id='word_1_180' title='bbox 1449 640 1502 682; x_wconf 83' lang='lat' dir='ltr'>de,</span> <span class='ocrx_word' id='word_1_181' title='bbox 1553 652 1763 679; x_wconf 81' lang='lat' dir='ltr'>mercatores</span> <span class='ocrx_word' id='word_1_182' title='bbox 1814 645 1966 685; x_wconf 75' lang='lat' dir='ltr'>Florent,</span> <span class='ocrx_word' id='word_1_183' title='bbox 1987 660 1993 682; x_wconf 94' lang='lat'>:</span> 
     </span>
     <span class='ocr_line' id='line_1_50' title="bbox 1333 695 1994 751; baseline 0.023 -23"><span class='ocrx_word' id='word_1_184' title='bbox 1333 695 1425 730; x_wconf 84' lang='lat' dir='ltr'>Doffi</span> <span class='ocrx_word' id='word_1_185' title='bbox 1447 708 1480 739; x_wconf 75' lang='lat'>4,</span> <span class='ocrx_word' id='word_1_186' title='bbox 1512 709 1562 741; x_wconf 90' lang='lat'>10,</span> <span class='ocrx_word' id='word_1_187' title='bbox 1590 701 1646 745; x_wconf 82' lang='grc'>87,</span> <span class='ocrx_word' id='word_1_188' title='bbox 1672 702 1732 743; x_wconf 87' lang='grc'>88;</span> <span class='ocrx_word' id='word_1_189' title='bbox 1764 703 1934 751; x_wconf 81' lang='lat' dir='ltr'>Rogerius</span> <span class='ocrx_word' id='word_1_190' title='bbox 1959 714 1994 743; x_wconf 86' lang='lat' dir='ltr'>et</span> 
     </span>
     <span class='ocr_line' id='line_1_51' title="bbox 1332 753 1650 803; baseline 0.016 -15"><span class='ocrx_word' id='word_1_191' title='bbox 1332 753 1444 800; x_wconf 84' lang='lat' dir='ltr'>Lapus</span> <span class='ocrx_word' id='word_1_192' title='bbox 1470 757 1575 803; x_wconf 78' lang='lat' dir='ltr'>Spine</span> <span class='ocrx_word' id='word_1_193' title='bbox 1601 769 1650 802; x_wconf 79' lang='lat' dir='ltr'>vi,</span> 
     </span>
    </p>

    <p class='ocr_par' dir='ltr' id='par_1_31' title="bbox 1284 811 1995 922">
     <span class='ocr_line' id='line_1_52' title="bbox 1284 811 1995 866; baseline 0.023 -21"><span class='ocrx_word' id='word_1_194' title='bbox 1284 811 1402 858; x_wconf 90' lang='lat' dir='ltr'>Spitco</span> <span class='ocrx_word' id='word_1_195' title='bbox 1429 816 1600 860; x_wconf 86' lang='lat' dir='ltr'>palatinus</span> <span class='ocrx_word' id='word_1_196' title='bbox 1627 830 1665 853; x_wconf 86' lang='lat' dir='ltr'>ac</span> <span class='ocrx_word' id='word_1_197' title='bbox 1689 829 1890 866; x_wconf 82' lang='lat' dir='ltr'>capitaneus</span> <span class='ocrx_word' id='word_1_198' title='bbox 1907 816 1995 861; x_wconf 49' lang='lat' dir='ltr'>Crass</span> 
     </span>
     <span class='ocr_line' id='line_1_53' title="bbox 1332 875 1621 922; baseline 0.021 -16"><span class='ocrx_word' id='word_1_199' title='bbox 1332 875 1503 910; x_wconf 87' lang='lat' dir='ltr'>coviensis</span> <span class='ocrx_word' id='word_1_200' title='bbox 1535 887 1563 920; x_wconf 70' lang='grc' dir='ltr'>ς,</span> <span class='ocrx_word' id='word_1_201' title='bbox 1591 889 1621 922; x_wconf 88' lang='lat'>7.</span> 
     </span>
    </p>

    <p class='ocr_par' dir='ltr' id='par_1_32' title="bbox 1282 931 1992 989">
     <span class='ocr_line' id='line_1_54' title="bbox 1282 931 1992 989; baseline 0.021 -24"><span class='ocrx_word' id='word_1_202' title='bbox 1282 931 1431 968; x_wconf 86' lang='lat' dir='ltr'>Stenczil</span> <span class='ocrx_word' id='word_1_203' title='bbox 1445 935 1668 982; x_wconf 88' lang='lat' dir='ltr'>helmsmedt,</span> <span class='ocrx_word' id='word_1_204' title='bbox 1681 940 1766 975; x_wconf 88' lang='lat' dir='ltr'>civis</span> <span class='ocrx_word' id='word_1_205' title='bbox 1777 941 1923 978; x_wconf 87' lang='lat' dir='ltr'>Cracov.</span> <span class='ocrx_word' id='word_1_206' title='bbox 1941 954 1992 989; x_wconf 79' lang='lat'>15.</span> 
     </span>
    </p>

    <p class='ocr_par' dir='ltr' id='par_1_33' title="bbox 1282 990 1814 1035">
     <span class='ocr_line' id='line_1_55' title="bbox 1282 990 1814 1035; baseline 0.021 -11"><span class='ocrx_word' id='word_1_207' title='bbox 1282 990 1458 1028; x_wconf 89' lang='lat' dir='ltr'>Stiriensis</span> <span class='ocrx_word' id='word_1_208' title='bbox 1484 995 1586 1031; x_wconf 82' lang='lat' dir='ltr'>Nova</span> <span class='ocrx_word' id='word_1_209' title='bbox 1612 999 1735 1033; x_wconf 83' lang='lat' dir='ltr'>civitas</span> <span class='ocrx_word' id='word_1_210' title='bbox 1760 1001 1814 1035; x_wconf 88' lang='lat'>80.</span> 
     </span>
    </p>

    <p class='ocr_par' dir='ltr' id='par_1_34' title="bbox 1281 1049 1670 1101">
     <span class='ocr_line' id='line_1_56' title="bbox 1281 1049 1670 1101; baseline 0.023 -18"><span class='ocrx_word' id='word_1_211' title='bbox 1281 1049 1455 1087; x_wconf 88' lang='lat' dir='ltr'>Streicher</span> <span class='ocrx_word' id='word_1_212' title='bbox 1480 1054 1588 1090; x_wconf 85' lang='lat' dir='ltr'>Stano</span> <span class='ocrx_word' id='word_1_213' title='bbox 1615 1057 1670 1101; x_wconf 79' lang='lat'>83.</span> 
     </span>
    </p>

    <p class='ocr_par' dir='ltr' id='par_1_35' title="bbox 1280 1111 1942 1166">
     <span class='ocr_line' id='line_1_57' title="bbox 1280 1111 1942 1166; baseline 0.021 -24"><span class='ocrx_word' id='word_1_214' title='bbox 1280 1111 1492 1146; x_wconf 88' lang='lat' dir='ltr'>strutionum</span> <span class='ocrx_word' id='word_1_215' title='bbox 1519 1125 1654 1158; x_wconf 84' lang='lat' dir='ltr'>pennae</span> <span class='ocrx_word' id='word_1_216' title='bbox 1679 1127 1866 1163; x_wconf 81' lang='lat' dir='ltr'>argenteae</span> <span class='ocrx_word' id='word_1_217' title='bbox 1890 1130 1942 1166; x_wconf 83' lang='lat'>33.</span> 
     </span>
    </p>

    <p class='ocr_par' dir='ltr' id='par_1_36' title="bbox 1280 1168 1989 1284">
     <span class='ocr_line' id='line_1_58' title="bbox 1280 1168 1989 1226; baseline 0.023 -25"><span class='ocrx_word' id='word_1_218' title='bbox 1280 1168 1394 1211; x_wconf 88' lang='lat' dir='ltr'>Sulco,</span> <span class='ocrx_word' id='word_1_219' title='bbox 1422 1182 1625 1216; x_wconf 81' lang='lat' dir='ltr'>procurator</span> <span class='ocrx_word' id='word_1_220' title='bbox 1650 1176 1742 1210; x_wconf 90' lang='lat' dir='ltr'>Petri</span> <span class='ocrx_word' id='word_1_221' title='bbox 1769 1181 1922 1226; x_wconf 86' lang='lat' dir='ltr'>episcopi</span> <span class='ocrx_word' id='word_1_222' title='bbox 1955 1189 1989 1217; x_wconf 88' lang='lat' dir='ltr'>et</span> 
     </span>
     <span class='ocr_line' id='line_1_59' title="bbox 1327 1229 1965 1284; baseline 0.02 -22"><span class='ocrx_word' id='word_1_223' title='bbox 1327 1229 1501 1275; x_wconf 89' lang='lat' dir='ltr'>Spitconis</span> <span class='ocrx_word' id='word_1_224' title='bbox 1529 1234 1672 1278; x_wconf 80' lang='lat' dir='ltr'>palatini</span> <span class='ocrx_word' id='word_1_225' title='bbox 1699 1236 1905 1273; x_wconf 80' lang='lat' dir='ltr'>Cracovien.</span> <span class='ocrx_word' id='word_1_226' title='bbox 1937 1249 1965 1284; x_wconf 86' lang='lat'>5.</span> 
     </span>
    </p>

    <p class='ocr_par' dir='ltr' id='par_1_37' title="bbox 1279 1289 1988 1399">
     <span class='ocr_line' id='line_1_60' title="bbox 1279 1289 1988 1340; baseline 0.02 -18"><span class='ocrx_word' id='word_1_227' title='bbox 1279 1289 1486 1335; x_wconf 85' lang='lat' dir='ltr'>Superantio</span> <span class='ocrx_word' id='word_1_228' title='bbox 1536 1292 1836 1340; x_wconf 81' lang='lat' dir='ltr'>Bartholomaeus,</span> <span class='ocrx_word' id='word_1_229' title='bbox 1885 1299 1988 1337; x_wconf 81' lang='lat' dir='ltr'>iudex</span> 
     </span>
     <span class='ocr_line' id='line_1_61' title="bbox 1326 1350 1695 1399; baseline 0.016 -16"><span class='ocrx_word' id='word_1_230' title='bbox 1326 1350 1434 1394; x_wconf 64' lang='lat' dir='ltr'>petit„</span> <span class='ocrx_word' id='word_1_231' title='bbox 1461 1351 1617 1387; x_wconf 86' lang='lat' dir='ltr'>Venetus</span> <span class='ocrx_word' id='word_1_232' title='bbox 1642 1365 1695 1399; x_wconf 84' lang='lat'>57.</span> 
     </span>
    </p>

    <p class='ocr_par' dir='ltr' id='par_1_38' title="bbox 1279 1410 1987 2228">
     <span class='ocr_line' id='line_1_62' title="bbox 1279 1410 1987 1456; baseline 0.018 -15"><span class='ocrx_word' id='word_1_233' title='bbox 1279 1410 1454 1455; x_wconf 86' lang='lat' dir='ltr'>supparii:</span> <span class='ocrx_word' id='word_1_234' title='bbox 1497 1412 1723 1456; x_wconf 86' lang='lat' dir='ltr'>Ilcussiensis,</span> <span class='ocrx_word' id='word_1_235' title='bbox 1760 1416 1918 1452; x_wconf 86' lang='lat' dir='ltr'>Albicius</span> <span class='ocrx_word' id='word_1_236' title='bbox 1944 1419 1987 1454; x_wconf 91' lang='lat' dir='ltr'>de</span> 
     </span>
     <span class='ocr_line' id='line_1_63' title="bbox 1325 1469 1984 1521; baseline 0.017 -19"><span class='ocrx_word' id='word_1_237' title='bbox 1325 1469 1480 1512; x_wconf 87' lang='lat' dir='ltr'>Medicis,</span> <span class='ocrx_word' id='word_1_238' title='bbox 1509 1472 1583 1505; x_wconf 77' lang='lat' dir='ltr'>vide</span> <span class='ocrx_word' id='word_1_239' title='bbox 1621 1473 1788 1517; x_wconf 86' lang='lat' dir='ltr'>Medicis;</span> <span class='ocrx_word' id='word_1_240' title='bbox 1825 1476 1984 1521; x_wconf 88' lang='lat' dir='ltr'>Russiae,</span> 
     </span>
     <span class='ocr_line' id='line_1_64' title="bbox 1325 1528 1986 1584; baseline 0.017 -23"><span class='ocrx_word' id='word_1_241' title='bbox 1325 1528 1502 1564; x_wconf 85' lang='lat' dir='ltr'>Antonius</span> <span class='ocrx_word' id='word_1_242' title='bbox 1548 1532 1590 1566; x_wconf 91' lang='lat' dir='ltr'>de</span> <span class='ocrx_word' id='word_1_243' title='bbox 1635 1533 1823 1578; x_wconf 85' lang='lat' dir='ltr'>Florentia,</span> <span class='ocrx_word' id='word_1_244' title='bbox 1875 1536 1986 1584; x_wconf 88' lang='lat' dir='ltr'>Niger</span> 
     </span>
     <span class='ocr_line' id='line_1_65' title="bbox 1325 1588 1985 1638; baseline 0.017 -17"><span class='ocrx_word' id='word_1_245' title='bbox 1325 1588 1517 1632; x_wconf 80' lang='lat' dir='ltr'>Abraham,</span> <span class='ocrx_word' id='word_1_246' title='bbox 1543 1591 1704 1637; x_wconf 84' lang='lat' dir='ltr'>Pykaran</span> <span class='ocrx_word' id='word_1_247' title='bbox 1725 1594 1860 1638; x_wconf 88' lang='lat' dir='ltr'>Petrus,</span> <span class='ocrx_word' id='word_1_248' title='bbox 1885 1596 1985 1632; x_wconf 91' lang='lat' dir='ltr'>Sera-</span> 
     </span>
     <span class='ocr_line' id='line_1_66' title="bbox 1324 1647 1986 1699; baseline 0.018 -19"><span class='ocrx_word' id='word_1_249' title='bbox 1324 1647 1408 1692; x_wconf 88' lang='lat' dir='ltr'>phin</span> <span class='ocrx_word' id='word_1_250' title='bbox 1424 1648 1483 1692; x_wconf 88' lang='grc'>78;</span> <span class='ocrx_word' id='word_1_251' title='bbox 1499 1650 1579 1684; x_wconf 86' lang='lat' dir='ltr'>salis</span> <span class='ocrx_word' id='word_1_252' title='bbox 1594 1652 1771 1699; x_wconf 87' lang='lat' dir='ltr'>utriusque</span> <span class='ocrx_word' id='word_1_253' title='bbox 1785 1654 1986 1698; x_wconf 88' lang='lat' dir='ltr'>(Bochnen-</span> 
     </span>
     <span class='ocr_line' id='line_1_67' title="bbox 1324 1707 1984 1756; baseline 0.017 -16"><span class='ocrx_word' id='word_1_254' title='bbox 1324 1707 1369 1740; x_wconf 87' lang='lat' dir='ltr'>sis</span> <span class='ocrx_word' id='word_1_255' title='bbox 1394 1715 1428 1742; x_wconf 87' lang='lat' dir='ltr'>et</span> <span class='ocrx_word' id='word_1_256' title='bbox 1455 1708 1716 1756; x_wconf 82' lang='lat' dir='ltr'>VVielicensis):</span> <span class='ocrx_word' id='word_1_257' title='bbox 1744 1714 1920 1750; x_wconf 91' lang='lat' dir='ltr'>Antonius</span> <span class='ocrx_word' id='word_1_258' title='bbox 1942 1716 1984 1751; x_wconf 91' lang='lat' dir='ltr'>de</span> 
     </span>
     <span class='ocr_line' id='line_1_68' title="bbox 1322 1767 1983 1821; baseline 0.015 -20"><span class='ocrx_word' id='word_1_259' title='bbox 1322 1767 1498 1803; x_wconf 85' lang='lat' dir='ltr'>Florentia</span> <span class='ocrx_word' id='word_1_260' title='bbox 1538 1771 1593 1812; x_wconf 89' lang='lat'>28,</span> <span class='ocrx_word' id='word_1_261' title='bbox 1619 1781 1742 1815; x_wconf 76' lang='lat'>34—41,</span> <span class='ocrx_word' id='word_1_262' title='bbox 1769 1784 1825 1818; x_wconf 82' lang='lat'>45,</span> <span class='ocrx_word' id='word_1_263' title='bbox 1853 1785 1908 1820; x_wconf 88' lang='lat'>74,</span> <span class='ocrx_word' id='word_1_264' title='bbox 1928 1786 1983 1821; x_wconf 87' lang='lat'>75,</span> 
     </span>
     <span class='ocr_line' id='line_1_69' title="bbox 1324 1826 1982 1879; baseline 0.017 -20"><span class='ocrx_word' id='word_1_265' title='bbox 1324 1826 1378 1869; x_wconf 87' lang='lat'>78,</span> <span class='ocrx_word' id='word_1_266' title='bbox 1409 1826 1470 1869; x_wconf 78' lang='lat'>803</span> <span class='ocrx_word' id='word_1_267' title='bbox 1496 1828 1697 1865; x_wconf 78' lang='lat' dir='ltr'>Fattinante</span> <span class='ocrx_word' id='word_1_268' title='bbox 1723 1831 1919 1868; x_wconf 88' lang='lat' dir='ltr'>Gottsridus</span> <span class='ocrx_word' id='word_1_269' title='bbox 1948 1845 1982 1879; x_wconf 79' lang='lat'>53</span> 
     </span>
     <span class='ocr_line' id='line_1_70' title="bbox 1322 1884 1982 1931; baseline 0.018 -14"><span class='ocrx_word' id='word_1_270' title='bbox 1322 1884 1447 1919; x_wconf 83' lang='lat' dir='ltr'>Iuntha</span> <span class='ocrx_word' id='word_1_271' title='bbox 1474 1896 1526 1929; x_wconf 79' lang='lat'>14,</span> <span class='ocrx_word' id='word_1_272' title='bbox 1550 1897 1606 1931; x_wconf 81' lang='lat'>15;</span> <span class='ocrx_word' id='word_1_273' title='bbox 1625 1889 1827 1926; x_wconf 89' lang='lat' dir='ltr'>Leonardus</span> <span class='ocrx_word' id='word_1_274' title='bbox 1845 1893 1887 1928; x_wconf 93' lang='lat' dir='ltr'>de</span> <span class='ocrx_word' id='word_1_275' title='bbox 1904 1893 1982 1928; x_wconf 78' lang='lat' dir='ltr'><strong>Flo-</strong></span> 
     </span>
     <span class='ocr_line' id='line_1_71' title="bbox 1321 1945 1981 1998; baseline 0.017 -21"><span class='ocrx_word' id='word_1_276' title='bbox 1321 1945 1432 1979; x_wconf 84' lang='lat' dir='ltr'>rentia</span> <span class='ocrx_word' id='word_1_277' title='bbox 1449 1946 1503 1988; x_wconf 89' lang='lat'>28,</span> <span class='ocrx_word' id='word_1_278' title='bbox 1519 1957 1581 1991; x_wconf 83' lang='lat'>293</span> <span class='ocrx_word' id='word_1_279' title='bbox 1598 1948 1708 1995; x_wconf 87' lang='lat' dir='ltr'>Niger</span> <span class='ocrx_word' id='word_1_280' title='bbox 1722 1951 1902 1986; x_wconf 82' lang='lat' dir='ltr'>Abraham</span> <span class='ocrx_word' id='word_1_281' title='bbox 1918 1953 1981 1998; x_wconf 89' lang='lat'>78;</span> 
     </span>
     <span class='ocr_line' id='line_1_72' title="bbox 1319 2004 1977 2056; baseline 0.015 -19"><span class='ocrx_word' id='word_1_282' title='bbox 1319 2004 1481 2050; x_wconf 77' lang='lat' dir='ltr'>Pykaran</span> <span class='ocrx_word' id='word_1_283' title='bbox 1510 2006 1631 2042; x_wconf 88' lang='lat' dir='ltr'>Petrus</span> <span class='ocrx_word' id='word_1_284' title='bbox 1664 2009 1738 2043; x_wconf 78' lang='lat' dir='ltr'>vide</span> <span class='ocrx_word' id='word_1_285' title='bbox 1764 2011 1977 2056; x_wconf 69' lang='lat' dir='ltr'>Bicheranog</span> 
     </span>
     <span class='ocr_line' id='line_1_73' title="bbox 1319 2062 1979 2118; baseline 0.017 -22"><span class='ocrx_word' id='word_1_286' title='bbox 1319 2062 1485 2098; x_wconf 86' lang='lat' dir='ltr'>Paulinus</span> <span class='ocrx_word' id='word_1_287' title='bbox 1512 2066 1587 2100; x_wconf 79' lang='lat' dir='ltr'>vide</span> <span class='ocrx_word' id='word_1_288' title='bbox 1616 2066 1782 2111; x_wconf 85' lang='lat' dir='ltr'>Cavallo;</span> <span class='ocrx_word' id='word_1_289' title='bbox 1808 2070 1979 2118; x_wconf 89' lang='lat' dir='ltr'>Seraphin</span> 
     </span>
     <span class='ocr_line' id='line_1_74' title="bbox 1318 2121 1980 2174; baseline 0.018 -19"><span class='ocrx_word' id='word_1_290' title='bbox 1318 2121 1361 2155; x_wconf 93' lang='lat' dir='ltr'>de</span> <span class='ocrx_word' id='word_1_291' title='bbox 1378 2122 1548 2159; x_wconf 89' lang='lat' dir='ltr'>Cracovia</span> <span class='ocrx_word' id='word_1_292' title='bbox 1568 2126 1630 2170; x_wconf 89' lang='lat'>78;</span> <span class='ocrx_word' id='word_1_293' title='bbox 1653 2127 1820 2172; x_wconf 84' lang='lat' dir='ltr'>Tamaw,</span> <span class='ocrx_word' id='word_1_294' title='bbox 1839 2131 1892 2174; x_wconf 91' lang='lat' dir='ltr'>de,</span> <span class='ocrx_word' id='word_1_295' title='bbox 1918 2131 1980 2166; x_wconf 88' lang='lat' dir='ltr'>Ni·</span> 
     </span>
     <span class='ocr_line' id='line_1_75' title="bbox 1318 2181 1763 2228; baseline 0.016 -14"><span class='ocrx_word' id='word_1_296' title='bbox 1318 2181 1435 2215; x_wconf 87' lang='lat' dir='ltr'>colaus</span> <span class='ocrx_word' id='word_1_297' title='bbox 1468 2182 1521 2227; x_wconf 86' lang='lat'>78.</span> <span class='ocrx_word' id='word_1_298' title='bbox 1760 2224 1763 2228; x_wconf 24' lang='lat'><em>⁷</em></span> 
     </span>
    </p>

    <p class='ocr_par' dir='ltr' id='par_1_39' title="bbox 1270 2241 1977 2296">
     <span class='ocr_line' id='line_1_76' title="bbox 1270 2241 1977 2296; baseline 0.02 -24"><span class='ocrx_word' id='word_1_299' title='bbox 1270 2241 1461 2286; x_wconf 82' lang='lat' dir='ltr'>supparius,</span> <span class='ocrx_word' id='word_1_300' title='bbox 1483 2242 1656 2279; x_wconf 88' lang='lat' dir='ltr'>Lodvicus</span> <span class='ocrx_word' id='word_1_301' title='bbox 1674 2246 1716 2281; x_wconf 94' lang='lat' dir='ltr'>de</span> <span class='ocrx_word' id='word_1_302' title='bbox 1730 2247 1904 2284; x_wconf 83' lang='lat' dir='ltr'>Florentia</span> <span class='ocrx_word' id='word_1_303' title='bbox 1922 2261 1977 2296; x_wconf 85' lang='lat'>27.</span> 
     </span>
    </p>

    <p class='ocr_par' dir='ltr' id='par_1_40' title="bbox 1269 2297 1976 2348">
     <span class='ocr_line' id='line_1_77' title="bbox 1269 2297 1976 2348; baseline 0.02 -17"><span class='ocrx_word' id='word_1_304' title='bbox 1269 2297 1406 2334; x_wconf 84' lang='lat' dir='ltr'>Swarcz</span> <span class='ocrx_word' id='word_1_305' title='bbox 1431 2301 1544 2348; x_wconf 84' lang='lat' dir='ltr'>Jorge,</span> <span class='ocrx_word' id='word_1_306' title='bbox 1561 2304 1645 2338; x_wconf 89' lang='lat' dir='ltr'>civis</span> <span class='ocrx_word' id='word_1_307' title='bbox 1656 2305 1902 2343; x_wconf 87' lang='lat' dir='ltr'>Cracoviensis</span> <span class='ocrx_word' id='word_1_308' title='bbox 1920 2308 1976 2345; x_wconf 88' lang='lat'>60.</span> 
     </span>
    </p>

    <p class='ocr_par' dir='ltr' id='par_1_41' title="bbox 1268 2357 1488 2405">
     <span class='ocr_line' id='line_1_78' title="bbox 1268 2357 1488 2405; baseline 0.018 -15"><span class='ocrx_word' id='word_1_309' title='bbox 1268 2357 1402 2393; x_wconf 85' lang='lat' dir='ltr'>Swecia</span> <span class='ocrx_word' id='word_1_310' title='bbox 1429 2370 1488 2405; x_wconf 88' lang='lat'>90.</span> 
     </span>
    </p>

    <p class='ocr_par' dir='ltr' id='par_1_42' title="bbox 1268 2417 1974 2475">
     <span class='ocr_line' id='line_1_79' title="bbox 1268 2417 1974 2475; baseline 0.02 -24"><span class='ocrx_word' id='word_1_311' title='bbox 1268 2417 1515 2465; x_wconf 82' lang='lat' dir='ltr'>Sweydniczer</span> <span class='ocrx_word' id='word_1_312' title='bbox 1530 2422 1704 2459; x_wconf 88' lang='lat' dir='ltr'>Iohannes</span> <span class='ocrx_word' id='word_1_313' title='bbox 1718 2435 1731 2469; x_wconf 87' lang='lat'><em>3</em></span> <span class='ocrx_word' id='word_1_314' title='bbox 1742 2436 1769 2469; x_wconf 75' lang='grc' dir='ltr'>ς,</span> <span class='ocrx_word' id='word_1_315' title='bbox 1780 2437 1836 2470; x_wconf 86' lang='lat'>42,</span> <span class='ocrx_word' id='word_1_316' title='bbox 1847 2427 1904 2472; x_wconf 85' lang='lat'>60,</span> <span class='ocrx_word' id='word_1_317' title='bbox 1919 2440 1974 2475; x_wconf 91' lang='lat'>77.</span> 
     </span>
    </p>

    <p class='ocr_par' dir='ltr' id='par_1_43' title="bbox 1267 2476 1532 2524">
     <span class='ocr_line' id='line_1_80' title="bbox 1267 2476 1532 2524; baseline 0.015 -13"><span class='ocrx_word' id='word_1_318' title='bbox 1267 2476 1456 2524; x_wconf 84' lang='lat' dir='ltr'>Sygilwart</span> <span class='ocrx_word' id='word_1_319' title='bbox 1478 2480 1532 2515; x_wconf 78' lang='lat'>61.</span> 
     </span>
    </p>

    <p class='ocr_par' dir='ltr' id='par_1_44' title="bbox 1266 2535 1973 2642">
     <span class='ocr_line' id='line_1_81' title="bbox 1266 2535 1973 2584; baseline 0.023 -15"><span class='ocrx_word' id='word_1_320' title='bbox 1266 2535 1461 2572; x_wconf 86' lang='lat' dir='ltr'>Szafraniec</span> <span class='ocrx_word' id='word_1_321' title='bbox 1477 2539 1609 2583; x_wconf 82' lang='lat' dir='ltr'>Petrus,</span> <span class='ocrx_word' id='word_1_322' title='bbox 1623 2545 1832 2581; x_wconf 86' lang='lat' dir='ltr'>castellanus</span> <span class='ocrx_word' id='word_1_323' title='bbox 1853 2548 1895 2583; x_wconf 92' lang='lat' dir='ltr'>de</span> <span class='ocrx_word' id='word_1_324' title='bbox 1908 2549 1973 2584; x_wconf 91' lang='lat' dir='ltr'>Po-</span> 
     </span>
     <span class='ocr_line' id='line_1_82' title="bbox 1313 2596 1484 2642; baseline 0.018 -13"><span class='ocrx_word' id='word_1_325' title='bbox 1313 2596 1406 2630; x_wconf 88' lang='lat' dir='ltr'>lonia</span> <span class='ocrx_word' id='word_1_326' title='bbox 1428 2608 1484 2642; x_wconf 83' lang='lat'>45.</span> 
     </span>
    </p>
   </div>
   <div class='ocr_carea' id='block_1_9' title="bbox 1263 2714 1971 2825">
    <p class='ocr_par' dir='ltr' id='par_1_45' title="bbox 1263 2714 1971 2825">
     <span class='ocr_line' id='line_1_83' title="bbox 1263 2714 1550 2761; baseline 0.017 -13"><span class='ocrx_word' id='word_1_327' title='bbox 1263 2714 1398 2758; x_wconf 85' lang='lat' dir='ltr'>taffeta,</span> <span class='ocrx_word' id='word_1_328' title='bbox 1424 2716 1466 2761; x_wconf 80' lang='lat'>63</span> <span class='ocrx_word' id='word_1_329' title='bbox 1499 2728 1550 2761; x_wconf 83' lang='lat'>50.</span> 
     </span>
     <span class='ocr_line' id='line_1_84' title="bbox 1264 2772 1971 2825; baseline 0.024 -19"><span class='ocrx_word' id='word_1_330' title='bbox 1264 2772 1434 2818; x_wconf 81' lang='lat' dir='ltr'>Talentis,</span> <span class='ocrx_word' id='word_1_331' title='bbox 1455 2777 1520 2811; x_wconf 86' lang='lat' dir='ltr'>de:</span> <span class='ocrx_word' id='word_1_332' title='bbox 1546 2779 1706 2825; x_wconf 88' lang='lat' dir='ltr'>Ioannes,</span> <span class='ocrx_word' id='word_1_333' title='bbox 1736 2784 1821 2819; x_wconf 83' lang='lat' dir='ltr'>civis</span> <span class='ocrx_word' id='word_1_334' title='bbox 1847 2786 1971 2822; x_wconf 86' lang='lat' dir='ltr'>Casso-</span> 
     </span>
    </p>
   </div>
   <div class='ocr_carea' id='block_1_10' title="bbox 1308 2832 1970 2932">
    <p class='ocr_par' dir='ltr' id='par_1_46' title="bbox 1308 2832 1970 2932">
     <span class='ocr_line' id='line_1_85' title="bbox 1310 2832 1970 2880; baseline 0.024 -15"><span class='ocrx_word' id='word_1_335' title='bbox 1310 2832 1437 2868; x_wconf 86' lang='lat' dir='ltr'>viensis</span> <span class='ocrx_word' id='word_1_336' title='bbox 1488 2846 1550 2878; x_wconf 79' lang='lat'>123</span> <span class='ocrx_word' id='word_1_337' title='bbox 1588 2838 1708 2875; x_wconf 84' lang='lat' dir='ltr'>Simon</span> <span class='ocrx_word' id='word_1_338' title='bbox 1755 2846 1970 2880; x_wconf 84' lang='lat' dir='ltr'>monetarius</span> 
     </span>
     <span class='ocr_line' id='line_1_86' title="bbox 1308 2890 1632 2932; baseline 0.025 -8"><span class='ocrx_word' id='word_1_339' title='bbox 1308 2890 1551 2930; x_wconf 84' lang='lat' dir='ltr'>Cracoviensis</span> <span class='ocrx_word' id='word_1_340' title='bbox 1584 2907 1632 2932; x_wconf 87' lang='lat'>12.</span> 
     </span>
    </p>
   </div>
   <div class='ocr_carea' id='block_1_11' title="bbox 2135 0 2201 1963">
    <p class='ocr_par' dir='ltr' id='par_1_47' title="bbox 2135 0 2201 1963">
     <span class='ocr_line' id='line_1_87' title="bbox 2135 0 2201 1963; baseline 0 0"><span class='ocrx_word' id='word_1_341' title='bbox 2135 0 2201 1963; x_wconf 95' lang='lat' dir='ltr'> </span> 
     </span>
    </p>
   </div>
  </div>
 </body>
</html>
