2201 3554
1075 284 1310 326 —63-

451 398 557 440 mcxi
577 396 651 439 che
670 396 868 438 sercbcno
887 410 1012 438 meno
1028 405 1181 452 quanto
1209 405 1351 436 monta
1378 393 1479 435 libre
1509 405 1589 447 319
1617 389 1708 432 chel
1730 387 1841 432 dicto
1874 403 1938 431 ser

451 471 585 511 luzinc
604 468 667 510 v'a
686 469 826 524 gionte
847 482 867 508 a
886 482 917 508 s.
938 480 982 522 15
1005 481 1076 523 per
1090 465 1203 508 libra.
1228 464 1343 508 Veda
1360 463 1549 520 adunque
1564 461 1705 504 chiaro
1720 460 1756 502 le
1778 459 1940 517 magni-

452 540 602 582 ficenze
625 549 778 590 vostre,
797 537 952 580 chomo
975 537 1011 579 el
1037 537 1148 580 dicto
1176 551 1240 579 ser
1263 537 1399 578 Zuane
1427 549 1510 577 non
1529 536 1549 576 a
1569 547 1698 575 raxon
1730 541 1873 574 contra
1898 528 1938 572 di

452 626 532 663 me,
555 625 576 652 6
609 609 698 652 chel
725 608 835 651 dicto
857 607 1063 651 domanda
1086 609 1421 665 inglustamente,
1450 606 1549 662 pero
1572 606 1592 646 ὸ
1616 613 1722 647 stato
1745 599 1940 645 acordato
1960 616 1961 619 ’

451 698 472 724 6
498 692 646 738 pagato
677 678 742 722 del
773 679 884 722 dicto
906 689 1013 722 trato
1036 677 1085 721 de
1117 679 1297 721 cremexi
1321 677 1370 720 de
1393 677 1441 719 la.
1476 677 1507 718 E
1530 675 1709 718 anchora
1733 689 1776 716 se
1796 687 1938 731 prom,

451 752 526 794 che
557 749 764 794 dubiando
797 764 918 792 avere
937 765 979 792 se
1005 750 1087 807 pu'o
1114 764 1262 806 pagare
1288 747 1337 791 de
1360 748 1395 790 131
1422 748 1463 790 in
1491 746 1618 789 chaxa
1651 760 1723 788 soa
1755 755 1794 786 et
1821 759 1842 786 a
1863 757 1941 786 suo

452 833 580 879 posta.
627 822 658 864 E
700 822 799 878 pero
841 836 968 877 prego
1012 820 1048 863 le
1091 820 1320 862 reverentie
1368 830 1508 861 vostre
1551 833 1593 860 se
1635 816 1759 874 degni
1801 829 1872 872 per
1904 813 1942 856 le

452 908 578 936 saxon
597 892 679 935 dite
696 908 717 934 e
735 908 757 934 a
777 892 905 934 bocha
929 891 1108 948 allegate'
1135 906 1157 934 6
1178 889 1437 933 absolverme
1458 889 1507 932 de
1525 889 1559 931 la
1581 888 1687 931 dicta
1710 884 1942 938 domanda3

452 980 472 1006 6
505 979 589 1007 non
621 963 801 1020 volgiate
834 964 875 1005 io
908 978 987 1005 con
1022 963 1105 1005 mie
1142 961 1229 1004 fioli
1269 962 1325 1004 sia
1358 960 1517 1004 desfato
1550 970 1692 1002 contra
1725 957 1761 1000 la
1798 971 1942 1009 raxon,

452 1051 520 1078 ma
553 1035 587 1077 el
616 1033 728 1077 dicto
761 1049 824 1076 ser
857 1035 994 1076 Zuane
1028 1032 1196 1076 Bancho
1230 1031 1461 1075 condanare
1493 1032 1535 1074 in
1568 1031 1605 1073 le
1632 1044 1754 1087 spexe
1792 1041 1944 1071 resset-

453 1105 660 1149 vandome
694 1106 793 1161 ogni
825 1104 924 1147 altra
958 1105 1041 1147 mia
1074 1118 1202 1146 raxon
1235 1104 1260 1146 ἐ)
1294 1114 1435 1146 contra
1469 1102 1503 1144 61
1536 1101 1648 1144 dicto
1689 1115 1753 1143 ser
1792 1099 1942 1141 Zuane.

543 1235 666 1279 Unde
698 1234 842 1293 prefati
874 1234 1037 1278 domini
1069 1233 1225 1277 iudices
1257 1234 1521 1291 petitionum,
1558 1230 1749 1274 videlicet
1784 1229 1947 1273 domini

455 1305 635 1348 Michael
674 1306 857 1358 Donato,
896 1305 1097 1348 Nicolaus
1129 1302 1366 1347 Arimundo
1399 1314 1437 1346 et
1469 1301 1711 1346 Leonardus
1748 1300 1946 1354 Venerio,

456 1378 568 1431 visis,
586 1376 735 1420 auditis
753 1386 792 1418 et
808 1376 1025 1433 diligenter
1047 1376 1265 1419 intellectis
1288 1373 1568 1433 petitionibus,
1593 1369 1946 1430 responsionibus,

454 1446 611 1490 iuribus
643 1458 682 1489 et
715 1447 942 1489 rationibus
976 1448 1153 1504 partium
1187 1447 1499 1504 premissarum‚
1531 1444 1708 1503 quadam
1747 1442 1946 1486 sententia

454 1518 664 1560 arbitraria
682 1518 867 1560 venetiis
900 1518 1005 1560 inter
1036 1517 1165 1560 dictas
1188 1528 1321 1575 partes
1348 1516 1427 1560 lata
1452 1517 1495 1558 in
1528 1516 1634 1571 1428
1664 1529 1807 1557 mense
1829 1513 1946 1565 Maii,

455 1588 520 1631 die
544 1601 612 1641 20,
630 1587 854 1631 indictione
885 1590 907 1630 6
931 1586 980 1631 de
1008 1587 1141 1631 ducali
1164 1587 1373 1640 mandato,
1400 1598 1444 1630 ut
1467 1587 1598 1629 moris
1626 1596 1700 1638 est,
1728 1599 1947 1628 recomen-

455 1659 561 1711 data‚
583 1673 745 1701 necnon
772 1674 844 1715 per
871 1658 1071 1701 iudicium
1100 1659 1349 1716 petitionum
1377 1658 1426 1701 de
1450 1672 1656 1700 consensu
1677 1667 1716 1698 et
1735 1655 1948 1698 voluntate

458 1731 634 1787 partium
654 1729 871 1772 ambarum
891 1729 1133 1773 confirmata
1157 1741 1196 1772 et
1218 1730 1411 1772 ratificata
1437 1730 1479 1772 in
1509 1741 1632 1784 1429,
1659 1727 1884 1771 indictione
1906 1739 1947 1783 7,

457 1801 521 1844 die
556 1814 608 1843 20
642 1801 799 1843 mensis
832 1801 938 1852 Iulii,
972 1801 1168 1854 Rivoahi,
1207 1799 1387 1858 quodam
1431 1802 1710 1843 instrumento
1751 1798 1949 1842 domino-

458 1887 551 1914 rum
584 1871 924 1915 honorandorum
970 1872 1190 1915 consulum
1232 1873 1407 1915 civitatis
1441 1872 1645 1915 Carcovie
1683 1869 1794 1913 bulla
1832 1884 1948 1915 cerea

458 1943 545 1985 alba
572 1944 614 1985 in
641 1942 833 2000 pendenti
857 1942 1011 1986 bullato
1038 1945 1079 1986 in
1113 1957 1220 1999 1429
1249 1942 1313 1986 die
1339 1957 1361 1986 2
1385 1942 1640 2001 Septembris
1667 1954 1705 1986 et
1732 1941 1782 1986 de
1813 1942 1948 1986 ducali

460 2014 655 2057 mandato
688 2013 735 2057 ad
771 2013 957 2057 officium
990 2016 1263 2058 dominorum
1296 2014 1346 2058 de
1379 2026 1500 2058 nocte
1541 2030 1611 2072 per
1650 2030 1715 2058 ser
1750 2014 1948 2057 Iacobum

458 2085 675 2128 Michaelis
723 2087 932 2128 notarium
975 2088 1112 2129 curiae
1155 2087 1326 2129 maioris
1370 2085 1713 2129 recommendato
1760 2087 1803 2128 in
1840 2098 1948 2142 1429

457 2157 524 2199 die
546 2171 596 2212 14
615 2157 769 2198 mensis
790 2156 1005 2210 Octubris,
1024 2157 1248 2201 indictione
1267 2158 1306 2210 8,
1325 2159 1366 2200 in
1384 2172 1468 2214 quo
1486 2156 1703 2200 manifeste
1721 2167 1841 2214 atque
1935 2165 1947 2184 ¹

458 2227 669 2270 evidenter
702 2243 765 2270 ser
797 2229 1031 2271 Antonium
1058 2228 1253 2271 Iohannis
1286 2227 1532 2286 prelibatum
1565 2228 1847 2285 predictorum
1879 2243 1951 2271 va-

460 2301 620 2342 riorum
652 2310 691 2342 et
723 2301 905 2342 cremexi
950 2300 1232 2358 soluptionem
1264 2301 1440 2343 minime
1477 2299 1636 2353 fecisse,
1678 2315 1780 2357 ymo
1819 2300 1951 2357 ipsam

459 2372 634 2414 omnino
667 2370 754 2413 fieri
788 2386 999 2414 recusasse
1031 2383 1071 2415 et
1103 2387 1293 2429 expresse
1325 2371 1563 2429 denegasse,
1591 2381 1713 2428 prout
1730 2371 1771 2413 in
1799 2371 1952 2414 instru-

461 2453 604 2485 mento
636 2443 727 2499 ipso
759 2443 1017 2495 continetur3
1058 2442 1239 2501 quodam
1278 2454 1477 2500 computo
1519 2442 1618 2485 alias
1658 2457 1730 2500 per
1771 2440 1952 2485 eundem
1989 2442 1992 2443 ⁷

461 2529 526 2556 ser
559 2513 808 2556 Michaelem
842 2514 1038 2557 Iohannis
1071 2514 1121 2557 de
1159 2512 1340 2571 pondere
1382 2515 1510 2571 ipsius
1551 2514 1731 2556 cremexi
1764 2514 1806 2556 in
1840 2514 1953 2556 curia

461 2585 692 2642 assignat03
725 2584 971 2642 quibusdam
995 2584 1349 2628 testificationibus
1373 2586 1470 2628 alias
1497 2597 1536 2628 et
1561 2601 1671 2628 nunc
1699 2584 1747 2628 ad
1773 2586 1951 2643 partium

461 2654 677 2698 ambarum
710 2656 947 2699 instantiam
993 2656 1217 2713 productis,
1260 2656 1374 2699 lectis
1407 2668 1445 2699 et
1478 2656 1704 2713 publicatis,
1748 2671 1823 2699 nec
1866 2665 1969 2699 non'

461 2724 707 2784 quibusdam
750 2727 839 2769 aliis
872 2738 910 2770 et
952 2743 1076 2785 quam
1114 2726 1298 2785 pluribus
1334 2729 1620 2770 instrumentis
1653 2739 1692 2770 et
1724 2728 1951 2785 scripturis,

463 2812 587 2839 manu
619 2797 878 2839 notariorum
912 2797 1172 2854 publicorum
1206 2799 1449 2855 conscriptis
1481 2809 1519 2840 et
1553 2798 1594 2840 in
1627 2797 1834 2856 publicam
1867 2796 1954 2841 for-

561 2897 569 2914 1
599 2890 705 2925 Lmas
733 2892 908 2937 illegilvilis.
