2201 3554
1127 319 1359 348 —17—

1248 341 1270 348 .-

598 423 661 463 143.
688 420 908 476 Recognilio
933 418 1104 461 Simonis
1129 417 1172 459 de
1208 416 1397 465 Talentis,
1421 416 1625 458 monetarii
1650 414 1927 458 Cracoviensis.

1274 522 1498 574 Ct'asovim‘,
1523 534 1571 576 31
1605 521 1751 563 Martii
1774 532 1899 575 1403.

595 609 781 651 Simon
815 607 875 649 de
910 605 1165 647 Talentis
1198 604 1454 661 recognovit,
1481 602 1590 660 quod
1619 603 1705 659 ipse
1736 600 1785 644 de
1819 600 1989 658 pecunia

505 691 544 720 ct
587 676 830 720 staminibus
872 675 1036 718 Andrec
1080 675 1295 718 Czarnissa
1329 674 1375 716 ad
1410 674 1593 716 valorem
1637 686 1711 728 505
1755 685 1989 714 marcarum

505 763 636 805 gross.
672 748 842 803 Pragen.
869 747 1114 789 Cassoviam
1142 745 1190 787 ad
1212 745 1411 788 Ioannem
1435 744 1638 796 Talentis,
1661 745 1797 785 civem
1820 741 1989 794 ibidem,

506 834 580 876 pro
613 816 891 874 comparando
924 827 1095 873 argento
1127 815 1384 868 destinasset,
1416 830 1494 872 que
1538 814 1701 857 fuerunt
1738 814 1866 870 ipsius
1902 813 1991 855 An-

504 889 599 931 dree
633 888 737 930 bona
770 888 931 944 propria
963 897 1002 929 et
1034 888 1170 943 ipsum
1203 886 1338 928 solum
1367 895 1634 927 concernunt.
1672 884 1843 940 Insuper
1874 897 1991 925 reco-

507 961 652 1016 gnovit
683 959 815 1002 dictus
847 959 1024 1014 Symon,
1071 957 1179 1015 quod
1217 971 1460 1014 quecunque
1491 955 1625 998 debita
1667 955 1754 1011 ipse
1789 952 1990 1005 Andreas,

505 1042 692 1087 tempore
724 1029 809 1081 illo,
841 1044 924 1086 quo
958 1029 1033 1085 ipsi
1066 1028 1169 1070 socii
1202 1028 1240 1069 in
1276 1038 1442 1069 moneta
1469 1027 1704 1078 existerent,
1737 1023 1841 1082 apud
1867 1038 1993 1080 quos-

506 1115 666 1157 cunque
699 1099 890 1141 homines
924 1098 1195 1150 contraheret,
1228 1099 1363 1155 ipsum
1397 1097 1439 1139 in
1472 1095 1607 1139 media
1634 1107 1746 1152 parte
1778 1095 1994 1151 continge-

508 1181 597 1213 rent
619 1183 658 1213 et
679 1169 789 1226 quod
811 1170 898 1226 ipse
915 1168 963 1211 ad
988 1168 1249 1212 medietatem
1269 1168 1489 1210 solutionis
1507 1165 1734 1209 eorundem
1757 1163 1993 1207 debitorum

507 1243 698 1284 omnium
726 1240 988 1297 obligaretur.

602 1337 794 1370 Archivum
821 1336 972 1370 civitatis
997 1335 1199 1377 Cracoviae,
1222 1336 1310 1368 Acta
1332 1334 1538 1374 consularia,
1562 1342 1778 1378 1392—1412,
1796 1343 1829 1377 p.
1856 1329 1930 1375 176.
1947 1351 1994 1355 —

508 1396 597 1430 Nota
624 1396 682 1429 sub
709 1400 881 1429 contextu:
910 1396 1041 1429 Littera
1067 1402 1118 1429 est
1144 1395 1234 1428 data.

602 1517 666 1557 17.
705 1512 889 1555 Consules
915 1513 1082 1555 civitatis
1107 1510 1373 1555 Cracoviensis
1396 1526 1422 1553 a
1454 1511 1568 1553 Petro
1594 1510 1818 1552 Bicharano
1843 1508 1888 1551 de
1922 1507 1995 1550 Ve-

511 1585 620 1626 netiis
655 1593 775 1626 certas
806 1598 979 1625 summas
1002 1584 1257 1639 pecuniarmtz
1286 1590 1483 1624 mutuant.

1517 1674 1744 1727 cracoviae,
1778 1673 1904 1729 1406.

599 1760 718 1803 Ratio
750 1760 1032 1801 concessionis
1065 1760 1346 1816 pecuniarum,
1379 1774 1480 1815 quas
1512 1768 1806 1801 concesserunt
1844 1757 1994 1800 diversi

510 1831 700 1874 homines
734 1831 887 1873 civitati
921 1845 1029 1872 anno
1063 1830 1272 1874 MCCCC
1306 1840 1421 1872 sexto
1447 1864 1592 1872 .....

597 1902 702 1944 Item
728 1912 920 1943 tenentur
947 1900 1143 1959 [domini]
1176 1901 1341 1944 Petro
1374 1901 1609 1943 Pikaran
1635 1900 1685 1943 de
1717 1900 1997 1942 Wenetiis

512 1987 560 2028 35
608 1987 767 2014 marcas
811 1986 944 2029 gross.
988 1973 1177 2029 Pragen„
1214 1987 1288 2028 pro
1323 1971 1472 2028 quibus
1512 1972 1711 2016 Nicolaus
1751 1969 1997 2028 Falkinberg

510 2045 655 2087 consul
698 2044 941 2097 intercessit,
983 2059 1062 2100 que
1110 2043 1202 2086 date
1235 2055 1329 2086 sunt
1364 2044 1539 2086 domino
1578 2043 1752 2086 Iohanni
1790 2042 1996 2085 Tassonis

508 2131 582 2172 pro
625 2114 884 2157 libertatione
906 2116 1086 2171 quinque
1118 2129 1351 2157 marcarum
1385 2129 1516 2171 gross.
1559 2115 1733 2172 Pragen.
1768 2128 1915 2156 census
1947 2112 1996 2156 ad

510 2197 699 2242 tempora
715 2186 816 2236 vite3
835 2186 1036 2227 terminus
1057 2185 1275 2227 solutionis
1294 2185 1466 2227 Pikaran
1484 2183 1618 2227 fiende
1637 2184 1742 2227 festo
1760 2185 1888 2227 sancti
1907 2184 1995 2228 Sta-

510 2256 630 2298 nislai
662 2257 704 2298 in
736 2256 879 2312 Mayo.
901 2264 911 2281 ¹

597 2326 704 2368 Item
737 2338 928 2369 tenentur
959 2325 1093 2369 eidem
1128 2326 1301 2369 Pikaran
1337 2339 1389 2368 20
1421 2326 1604 2369 florenos
1636 2326 1723 2368 auri
1763 2325 1882 2369 datos
1922 2325 1998 2369 do—

510 2397 628 2438 mino
662 2396 835 2439 Iohanni
868 2396 1073 2439 Tassonis
1106 2411 1180 2452 pro
1212 2394 1473 2453 expediendis
1500 2395 1616 2438 factis
1649 2396 1824 2438 civitatis
1856 2406 1999 2438 contra

511 2472 761 2515 Michaelein
797 2463 975 2515 Ksskricz
1017 2472 1291 2530 presbiterum
1333 2472 1388 2515 ad·
1423 2474 1580 2515 curiam
1615 2473 1878 2524 Romanam3
1921 2483 2004 2515 ter-

512 2545 651 2586 minus
676 2543 893 2586 solutionis
921 2542 1026 2586 festo
1050 2544 1177 2586 sancti
1200 2543 1389 2587 Stanislai
1412 2543 1462 2586 de
1484 2543 1613 2600 Mayo
1636 2544 1826 2600 proxime
1848 2542 2003 2595 futuro,

511 2629 586 2671 pro
619 2613 767 2671 quibus
800 2615 1036 2671 Heynricus
1064 2614 1209 2657 Smedt
1235 2615 1379 2657 consul
1406 2615 1648 2657 intercessit.
1668 2622 1683 2639 ²

608 2709 712 2742 Arch.
741 2709 835 2742 civit.
861 2709 1064 2749 Cracoviae,
1091 2709 1133 2742 A.
1160 2709 1292 2743 consul.
1324 2718 1542 2754 1392-1412,
1563 2720 1594 2754 p.
1621 2707 1702 2752 436.

611 2851 617 2867 ¹
650 2843 688 2876 In
720 2844 795 2877 MS.
818 2849 917 2877 nota:
944 2844 1054 2878 Solvit
1081 2856 1138 2878 eas
1164 2844 1370 2890 Falkinberg
1394 2856 1435 2878 ex
1463 2852 1559 2889 parte
1586 2844 1747 2878 civitatis.

608 2911 622 2927 2
650 2903 759 2937 Nola:
786 2904 894 2938 Soluti
923 2912 1001 2937 sunt
1031 2914 1071 2937 22
1100 2903 1223 2937 floreni
1251 2904 1384 2938 ratione
1410 2903 1546 2937 cambii.
