2201 3554
1079 305 1311 334 —xll—

540 407 730 449 Maxima.
762 421 808 448 ελ·
835 412 946 462 parte
976 403 1212 460 evulgautur
1243 402 1303 444 hic
1334 402 1575 452 documenta,
1611 414 1708 458 quae
1733 400 1860 442 adhuc
1892 400 1936 442 in

447 488 615 530 archivis
647 487 925 536 delitescebant,
960 485 1152 529 nonnulla
1186 492 1315 527 tamen
1344 485 1481 526 iterum
1516 483 1818 540 imprimuntur,
1843 483 1936 539 quia
1992 533 1994 535 Ι
2038 494 2070 523 .’

449 572 488 611 in
536 569 829 619 collectionibus,
883 577 924 610 ut
973 566 1242 610 Starodawne
1285 581 1421 624 prawa
1470 565 1684 623 polskiego
1733 564 1936 622 pomniki,

451 652 572 694 indice
591 649 777 709 'pri-vatis,
803 650 918 700 edita,
946 663 1092 707 magna
1126 664 1214 691 cum
1239 647 1463 705 difficultate
1490 656 1744 705 usurpantur.
1771 646 1936 704 Copiam

448 734 500 775 ad
532 732 673 774 librum
708 731 809 773 hunc
835 729 1115 787 conficiendum
1137 730 1433 787 suppeditarunt
1455 729 1574 772 mihi:
1599 729 1820 772 Arcln'vum
1842 729 1938 771 civi-

449 816 538 857 tatis
563 815 787 867 Cracooiae,
814 833 832 852 a
853 812 1041 873 Arcln'vio
1068 813 1109 855 di
1135 813 1246 856 Stato
1264 831 1282 852 n
1311 812 1544 864 Florentiae,
1572 812 1793 855 Archivum
1825 810 1860 853 V
1861 811 1938 853 ati-

448 911 589 939 canum
617 905 650 939 et
683 915 701 935 a
723 896 910 938 Arclyivio
933 896 975 938 di
996 895 1109 938 State
1127 915 1146 935 i)
1183 895 1219 938 V
1218 896 1447 946 enetiaruin,
1476 910 1642 952 quorum
1668 894 1873 951 praefectis
1904 901 1938 936 et

449 978 756 1036 niagistratilms,
784 962 977 1034 imprimis
1007 984 1137 1020 autem
1160 975 1375 1033 Professori
1397 977 1561 1020 Doctori
1583 975 1781 1020 Stanislao
1803 975 1938 1034 Krey-

449 1060 660 1116 (anowslci,
695 1069 785 1103 tunc
817 1061 932 1103 Doct.
981 1059 1178 1103 Casimiro
1221 1059 1520 1117 Kacqmarczylc
1551 1068 1586 1124 et
1617 1060 1731 1102 Doct.
1766 1059 1940 1102 Iohanni

450 1143 611 1201 Sajdalc,
642 1142 976 1196 Cracoviensilrus,
998 1143 1113 1186 Doct.
1138 1143 1364 1186 Iustiniano
1386 1143 1508 1199 Degli
1529 1143 1649 1199 Αἰξί,
1676 1142 1822 1185 illustri
1848 1157 1940 1185 con-

448 1228 639 1268 tinuatori
681 1226 927 1281 Maqqatinti
965 1226 1099 1282 operis,
1137 1225 1205 1268 Gli
1235 1225 1406 1268 Archivi
1438 1225 1544 1268 della
1581 1225 1715 1269 Storia
1757 1224 1796 1268 d'
1810 1225 1938 1277 Italia,

449 1308 690 1359 Florentino,
713 1309 823 1364 Prof.
848 1309 961 1351 Doct.
981 1308 1145 1351 Hectori
1170 1308 1207 1350 V
1205 1324 1309 1365 erga,
1334 1308 1638 1362 Mediolanensi,
1664 1308 1836 1351 Aemilio
1858 1308 1940 1352 Raa

452 1393 582 1447 unffi,
613 1392 805 1444 Romano,
833 1406 977 1434 necnon
1011 1391 1207 1434 Ludovico
1242 1391 1378 1443 Ferro,
1410 1392 1564 1444 Veneto,
1594 1392 1662 1449 qni
1686 1406 1816 1434 omnes
1849 1390 1940 1433 libe—

450 1473 655 1526 ralissime,
681 1482 805 1531 utpote
836 1482 1028 1531 poterant,
1058 1473 1188 1516 studia
1222 1488 1305 1516 mea
1330 1474 1578 1526 adiuverunt,
1614 1482 1783 1531 quantas
1811 1481 1939 1531 grates

450 1556 620 1609 debeam,
651 1557 771 1600 dicere
803 1559 872 1600 vix
898 1566 1069 1615 possum.

540 1639 849 1683 Administratio
873 1640 1113 1682 Academiae
1138 1641 1390 1682 scientiarum
1420 1640 1687 1683 Cracoviensis
1709 1648 1741 1683 et
1764 1640 1938 1683 Directio

451 1721 629 1764 Instituti
661 1722 833 1765 historici
873 1723 1091 1775 Ausniaci,
1134 1722 1278 1766 Ronme
1318 1723 1528 1775 residentis,
1572 1722 1761 1780 beneficiis
1802 1724 1843 1765 in
1881 1737 1938 1766 me

450 1803 599 1846 collatis
631 1821 687 1847 me
719 1805 793 1847 siln'
815 1806 1098 1856 devinxerint&
1123 1805 1363 1862 singularem
1394 1815 1522 1848 tamen
1548 1814 1579 1849 et
1605 1807 1823 1850 maximam
1845 1819 1940 1864 gra-

453 1889 546 1929 tiam
571 1887 679 1930 debeo
702 1888 902 1931 Praesidio
924 1897 1036 1946 atque
1062 1887 1249 1941 Consilio,
1271 1890 1563 1932 instructionem
1590 1889 1790 1946 publicam
1819 1897 1940 1931 terrae

455 1969 684 2013 Galiciensis
706 1971 976 2029 dirigentibus,
997 1972 1112 2028 quod,
1134 1986 1222 2014 cum
1245 1988 1303 2014 me
1325 1972 1457 2029 officiis
1478 1972 1738 2021 exsolvissent,
1759 1972 1813 2014 ad
1838 1970 1940 2014 hunc

454 2051 595 2094 librum
630 2053 873 2096 contulerunt
901 2054 1134 2111 plurimum.
