2201 3554
826 297 1058 349 —39-

197 395 290 450 ante
331 408 560 450 terminum
605 418 848 464 possetcnus
894 406 1023 450 facere
1065 407 1319 460 demandari,
1361 407 1572 451 devotioni
1615 419 1683 450 tue

197 476 380 521 districte
413 492 484 534 per
515 477 739 534 apostolica
773 478 920 534 scripta
948 479 1204 535 iniungimus
1231 490 1269 520 et
1303 477 1563 530 mandamus,
1586 493 1686 536 qua-

197 548 307 591 tinus
339 546 389 590 de
421 548 605 605 pecuniis
632 547 680 590 ad
713 547 864 590 dictam
893 563 1099 590 cameram
1128 548 1420 605 spectantibus,
1443 564 1512 605 per
1539 561 1578 592 te
1600 549 1685 592 col-

197 619 315 662 lectis
346 630 385 662 et
412 617 670 676 colligendis,
696 631 808 660 2000
835 618 1091 661 florenorum
1121 619 1400 676 predictorum
1428 619 1563 663 eidem
1589 620 1686 662 Phi-

196 689 308 747 lippo
324 690 388 732 vel
407 691 661 747 procuratori
681 704 757 732 suo
776 689 972 746 predicto,
995 706 1237 747 quacunque
1262 705 1376 733 mora
1396 703 1435 733 et
1452 690 1684 733 obiectione

197 761 386 813 remotis,
417 759 552 803 tradas
584 761 741 817 integre
774 772 813 802 et
846 761 1069 817 persolvas.
1103 762 1194 803 Nos
1225 762 1336 803 enim
1371 761 1561 818 Philippo
1595 777 1685 818 pre-

198 830 283 874 fato
309 847 380 889 per
412 847 454 874 se
498 843 566 874 aut
605 843 915 888 procuratorem
959 847 1081 873 suum
1123 832 1351 888 predictum
1386 843 1424 874 tc
1464 843 1608 875 nostro
1645 844 1684 875 et

197 916 361 945 camere
387 901 566 959 predicte
593 904 763 944 nomine
796 917 817 943 a
848 902 954 944 dicta
989 915 1101 944 2000
1123 902 1269 945 floren.
1304 918 1467 945 summa
1499 903 1683 959 quitandi

197 984 237 1015 et
284 983 481 1030 perpetuo
530 971 726 1015 liberandi
776 972 938 1029 plenam
984 984 1022 1015 et
1070 973 1360 1016 omnimodam
1415 973 1684 1016 concedimus

196 1053 340 1086 tenore
373 1044 626 1101 presentium
671 1042 920 1095 facultatem,
953 1043 1154 1095 volentes,
1186 1043 1296 1100 quod
1329 1043 1379 1086 de
1413 1043 1618 1086 solutione
1645 1056 1685 1086 et

195 1115 423 1172 quitatione
468 1129 514 1156 ac
556 1113 796 1156 liberatione
844 1113 1086 1157 huiusmodi
1128 1113 1212 1156 duo
1253 1115 1489 1157 consimilia
1536 1114 1684 1157 confici

198 1183 322 1228 facias
353 1183 513 1242 publica
547 1185 834 1237 instrumenta,
856 1199 1036 1241 quorum
1064 1199 1148 1227 uno
1180 1200 1303 1241 penes
1330 1197 1369 1227 te
1403 1200 1476 1242 pro
1499 1186 1558 1227 tui
1591 1200 1686 1227 cau-

197 1255 276 1298 tela
310 1267 484 1308 retento‚
509 1255 714 1312 reliquum
737 1264 746 1280 ¹
782 1255 829 1298 ad
862 1255 1014 1298 dictam
1049 1270 1259 1297 cameram
1291 1256 1569 1298 transmittere
1602 1271 1687 1298 non

198 1327 382 1369 omittas.
425 1326 582 1368 Datum
629 1325 786 1384 [Rome
818 1324 923 1382 apud
966 1337 1154 1368 sanctum
1201 1326 1371 1368 Petrum
1410 1339 1458 1368 10
1494 1326 1686 1370 kalendas

199 1397 393 1450 Ianuarii,
424 1412 534 1440 anno
567 1396 765 1455 septimo]
784 1405 813 1438 ².

147 1531 151 1534 ⁴
293 1492 379 1538 Reg.
407 1492 486 1526 Vat.
518 1501 595 1537 315,
622 1492 644 1526 f.
674 1497 744 1526 12V.
771 1513 815 1517 ——
845 1491 883 1525 In
909 1492 991 1532 fine:
1026 1493 1077 1526 De
1103 1493 1207 1526 curia.
1239 1513 1279 1517 —
1307 1493 1354 1527 lo.
1382 1493 1424 1527 de
1450 1493 1620 1527 Bononia.
1645 1513 1687 1517 —

165 1551 170 1555 *
196 1548 248 1586 lo.
275 1551 318 1585 de
339 1551 538 1586 Ferentino.

288 1671 357 1713 84.
391 1669 623 1716 Bonifacius
648 1678 714 1726 pp.
748 1669 814 1712 IX
844 1669 1033 1712 collectori
1066 1671 1107 1712 in
1141 1684 1255 1727 regno
1288 1669 1474 1712 Polonicze
1507 1670 1684 1721 mandat,

198 1749 388 1799 quatenus
418 1741 464 1783 de
501 1740 752 1798 proventibus
793 1755 966 1783 camerac
1008 1740 1234 1798 apostolicae
1271 1742 1311 1782 in
1351 1740 1516 1783 Polonia
1556 1741 1690 1783 Fran-

199 1812 295 1855 cisco
326 1811 371 1854 de
403 1811 546 1856 Sancto
579 1811 762 1855 Severino
797 1824 908 1865 1302
933 1810 1028 1868 flor.
1061 1813 1241 1867 assignet.

1055 1931 1214 1981 Romae,
1247 1944 1270 1973 2
1279 1943 1300 1985 3
1330 1930 1440 1972 Maii
1474 1932 1599 1986 1398.

290 2023 528 2068 Bonifacius
560 2035 637 2067 etc.
671 2025 836 2067 Dilecto
870 2024 1238 2067 filio..collectori
1273 2024 1482 2067 fructuum
1515 2036 1554 2068 et
1596 2039 1691 2081 pro-

199 2107 403 2138 ventuum
445 2110 608 2139 camere
646 2096 872 2153 apostolice
914 2094 1148 2138 debitorum
1183 2097 1223 2138 in
1267 2096 1431 2139 civitate
1463 2107 1502 2138 et
1534 2094 1690 2138 diocesi

199 2181 245 2209 ac
278 2167 490 2223 provincia
515 2167 749 2210 Gneznensi
772 2166 945 2209 salutem
981 2178 1057 2209 etc.
1086 2166 1197 2210 Cum
1215 2165 1389 2209 dilectus
1411 2166 1521 2208 filius
1539 2164 1689 2208 nobilis

199 2237 266 2280 vir
299 2237 594 2280 Franciscus
627 2237 683 2280 de
716 2238 895 2280 Sancto
928 2238 1187 2289 Severino,
1219 2236 1467 2280 domicellus
1502 2237 1691 2280 Cameri-

200 2309 341 2350 nensis
367 2307 558 2360 diocesis,
585 2324 606 2350 a
634 2307 754 2350 nobis
786 2319 824 2350 et
856 2322 1018 2350 camera
1051 2307 1276 2364 apostolica
1303 2320 1410 2362 1302
1438 2306 1530 2350 flor.
1552 2306 1603 2350 de
1625 2322 1691 2349 ca-

201 2393 314 2421 mera
337 2379 517 2436 recipere
543 2390 743 2432 teneatur,
770 2384 846 2421 n'os
872 2378 1059 2421 volentes
1084 2378 1194 2421 dicto
1223 2379 1457 2430 Francisco,
1478 2379 1547 2434 qui
1570 2377 1691 2420 nobis

201 2459 242 2492 et
267 2449 458 2493 Romane
480 2450 662 2493 Ecclesie
684 2449 857 2493 fideliter
878 2450 1061 2501 servivit,
1084 2449 1133 2492 de
1156 2448 1395 2492 huiusmodi
1419 2450 1603 2506 pecuniis
1630 2450 1692 2491 in-

201 2530 316 2577 tegre
357 2520 547 2564 satisfieri
580 2532 619 2564 et
651 2536 745 2563 cum
784 2520 947 2573 effectu,
980 2520 1217 2563 discretioni
1254 2531 1322 2562 tue
1359 2534 1430 2576 per
1467 2520 1691 2576 apostolica

203 2591 353 2648 scripta
386 2591 649 2644 mandamus,
681 2602 883 2648 quatenus
914 2590 965 2634 de
996 2591 1181 2648 pecuniis
1217 2590 1324 2633 dicte
1357 2605 1519 2632 camere
1552 2604 1622 2646 per
1654 2601 1693 2632 te

202 2661 386 2705 collectis
419 2673 458 2705 et
489 2663 652 2705 inantea
678 2661 923 2719 colligendis
956 2661 1134 2718 prefatos
1174 2674 1281 2716 1302
1304 2659 1394 2703 flor.
1421 2660 1533 2703 dicto
1567 2661 1693 2702 Fran-

145 2739 148 2743 '
202 2733 315 2776 cisco
346 2733 412 2776 vel
444 2734 701 2790 procuratori
735 2748 825 2784 suo,
853 2734 940 2775 eius
974 2733 1143 2775 nomine
1177 2730 1225 2774 ad
1259 2731 1337 2774 hoc
1371 2730 1419 2773 ab
1453 2746 1503 2774 eo
1536 2733 1694 2788 specia-

299 2848 307 2867 ¹
335 2841 412 2876 MS.
444 2842 601 2888 Reliquo.

296 2907 310 2926 ²
329 2900 406 2936 MS.
436 2901 566 2935 Datum
595 2909 631 2934 ut
658 2900 693 2934 in
721 2901 892 2946 proxima.
