2201 3554
461 457 550 485 rum
585 456 723 484 cor-„im
758 439 1085 498 quibuscumque
1119 437 1333 487 iudicibus,
1360 447 1573 493 tamquam
1607 434 1819 491 premissis
1852 447 1943 489 per-

460 514 651 556 sonaliter
685 513 897 554 interesset
929 518 995 552 etc.

553 606 836 652 lx'rzyhmowski,
862 604 1055 639 Scabiualia
1082 603 1340 640 Cracoviensia,
1369 614 1397 648 p.
1429 611 1506 641 210,
1532 612 1583 634 nr.
1616 599 1714 642 1651.

549 729 586 767 ἴ).
613 725 817 781 Episcopus
849 721 1186 764 Il'ladislaviensis
1210 729 1276 778 per
1299 734 1439 762 manns
1467 719 1572 776 Doffi
1599 718 1643 761 de
1671 718 1815 776 Spinis,
1844 731 1942 759 rner-

459 797 598 839 catoris
627 795 860 843 l<'l0›·e11t1'ni,
892 793 1000 836 solvit
1034 793 1249 835 servitium.

1285 887 1442 937 Romae,
1484 900 1500 927 l
1539 884 1693 942 Aprilis
1728 897 1854 939 1393.

549 975 750 1017 Heuricus
778 983 853 1015 etc.
881 969 990 1029 quod
1024 998 1078 1001 ——
1111 971 1381 1022 Henricus‚
1415 969 1631 1026 episcopus
1674 965 1947 1010 Wladisla-

462 1046 673 1097 viensis,
707 1059 780 1101 pro
814 1054 924 1100 parte
958 1043 1082 1099 partis
1120 1042 1180 1083 sui
1215 1041 1454 1083 communis
1488 1040 1641 1082 servitii
1675 1066 1732 1070 —
1765 1053 1814 1094 41
1853 1037 1945 1080 flor.

461 1125 547 1167 auri
579 1122 628 1166 de
660 1136 821 1165 camera
866 1121 941 1163 sol.
978 1134 1025 1175 33
1063 1130 1102 1162 et
1133 1118 1226 1162 den.
1264 1133 1281 1174 3
1321 1129 1486 1160 monete
1530 1118 1718 1160 Romane
1756 1115 1875 1159 nobis
1908 1127 1949 1160 et

461 1210 536 1252 pro
569 1205 679 1252 parte
711 1193 834 1250 partis
868 1192 987 1234 unius
1022 1191 1142 1233 etiam
1178 1191 1239 1232 sui
1274 1190 1420 1231 minuti
1455 1189 1609 1231 servitii
1642 1215 1698 1218 —-
1733 1201 1756 1230 2
1791 1187 1947 1231 similes

462 1266 552 1309 flor.
580 1265 655 1307 sol.
690 1266 737 1306 16
771 1263 863 1306 den.
893 1263 915 1305 8
951 1277 1021 1319 per
1054 1277 1201 1303 manus
1235 1259 1391 1303 Doffi
1423 1259 1482 1302 de
1523 1260 1708 1316 Spinis
1740 1270 1780 1302 et
1813 1259 1949 1302 socio-

462 1353 570 1388 rum,
593 1346 873 1378 mercatorum
902 1333 1253 1383 Florentinorum,
1276 1331 1340 1374 die
1366 1331 1457 1374 date
1484 1331 1737 1388 presentium
1759 1341 1949 1387 tempore

461 1407 598 1452 debito
622 1406 725 1449 solvi
750 1404 856 1448 fecit.
875 1431 932 1435 —
950 1404 1105 1446 Datum
1130 1403 1265 1445 Rome
1289 1417 1323 1444 a.
1358 1415 1462 1457 1393
1486 1401 1552 1444 die
1579 1415 1593 1443 1
1617 1401 1772 1443 mensis
1794 1401 1948 1458 Aprilis

462 1478 725 1536 pontificatus
758 1491 866 1518 anno
898 1485 1058 1531 quarto.

558 1571 664 1605 Arch.
693 1569 774 1603 Vnt.
803 1569 883 1603 Obl.
910 1576 943 1602 et
970 1569 1031 1601 sol.
1063 1577 1103 1610 5c)
1130 1566 1150 1601 f.
1182 1577 1232 1611 34.
1260 1587 1303 1592 —-
1333 1566 1371 1599 In
1401 1568 1568 1612 margine:
1599 1566 1789 1612 Episcopus
1814 1565 1949 1600 wladi-

463 1631 654 1665 slaviensis.

552 1741 590 1781 6.
629 1736 918 1779 Testamentum
948 1733 1144 1791 Gottfridz‘
1174 1733 1404 1775 Fattinante
1430 1732 1474 1775 de
1500 1732 1631 1775 Ianua
1658 1732 1832 1789 supparii
1857 1730 1950 1774 salis

460 1808 650 1865 generalis
683 1808 723 1850 in
758 1806 935 1849 Polonin.

1127 1898 1354 1951 cracoviae,
1390 1912 1441 1951 15
1477 1896 1700 1940 Decembris
1734 1909 1860 1952 1393.

549 1984 640 2028 Nos
673 1983 863 2026 consules
896 1982 1072 2025 civitatis
1100 1980 1391 2024 Cracoviensis
1417 1979 1773 2036 recognoscimus,
1800 1977 1950 2036 quibus

463 2054 636 2112 expedit,
661 2054 878 2104 universis,
905 2052 1015 2110 quod
1049 2067 1188 2094 coram
1217 2051 1350 2104 nobis,
1376 2050 1477 2093 dum
1509 2049 1558 2093 ad
1591 2060 1749 2092 certum
1777 2063 1952 2106 congre-

462 2128 543 2184 gati
578 2126 799 2169 fuissemus
832 2124 1070 2177 consilium,
1103 2123 1264 2181 providi
1296 2122 1495 2166 Nicolaus
1529 2121 1724 2173 Bothner,
1751 2121 1951 2165 Nicolaus

463 2198 646 2254 Saupnig
669 2207 706 2238 et
729 2195 928 2238 Nicolaus
954 2193 1186 2237 Dambrow
1208 2194 1338 2236 nostri
1361 2204 1575 2236 consortes
1601 2191 1761 2235 consilii
1787 2207 1951 2235 necnon

463 2269 607 2310 Petrus
641 2278 779 2309 nostre
812 2266 987 2308 civitatis
1021 2265 1203 2322 predicte
1236 2266 1421 2307 notarius
1454 2291 1510 2294 ——
1537 2274 1872 2322 recognoverunt
1894 2290 1952 2294 —

462 2338 572 2395 quod
606 2353 702 2381 cum
730 2338 972 2380 auctoritate
999 2335 1125 2378 officii
1153 2335 1390 2378 consulatus
1417 2336 1547 2377 nostri
1575 2334 1786 2377 famosum
1812 2334 1951 2377 virum

463 2409 682 2452 dominum
723 2406 1074 2452 Gottfridum
1123 2407 1501 2448 Factinantem
1548 2404 1607 2448 de
1654 2405 1844 2458 Ianua,
1876 2420 1953 2448 no·-

465 2491 597 2522 strum
624 2480 841 2522 concivem
868 2493 917 2520 ex
944 2493 1017 2520 sua
1042 2478 1260 2520 vocatione
1288 2488 1327 2519 et
1354 2478 1569 2534 rogatione
1602 2476 1780 2534 speciali,
1809 2487 1853 2518 ut
1881 2491 1952 2519 sue

464 2551 687 2594 voluntatis
730 2550 874 2592 ultime
915 2549 1173 2605 dispositioni
1220 2547 1473 2591 attendentes
1518 2548 1799 2600 accessissent,
1841 2545 1951 2590 idem

467 2621 700 2665 Gottfridus
734 2621 827 2663 licet
858 2618 1001 2662 debilis
1034 2619 1258 2676 aliqualiter
1291 2634 1478 2676 corpore,
1513 2618 1642 2661 multa
1674 2629 1814 2661 tamen
1846 2617 1952 2661 bona

467 2691 670 2750 perfluens
701 2693 871 2744 ratione,
899 2691 1155 2733 voluntatem
1183 2706 1301 2733 suam
1335 2690 1526 2733 ultimam
1556 2700 1753 2747 perpetuo
1785 2688 1951 2732 duratu-

468 2779 555 2806 ram
579 2791 635 2794 ψ
657 2763 870 2805 constituit
902 2762 943 2804 in
975 2761 1083 2804 hunc
1118 2759 1305 2803 modum.

467 2857 659 2904 apostolicae
685 2857 893 2890 collectorem.
922 2856 1027 2889 Arch.
1055 2855 1133 2889 Vat.
1163 2856 1260 2890 Arm.
1289 2855 1452 2897 XXXIII,
1479 2856 1547 2890 vol.
1581 2864 1631 2896 12,
1658 2854 1680 2889 f.
1711 2864 1791 2899 134ν
1831 2859 1860 2888 et
1892 2864 1952 2897 142

470 2928 591 2950 necnon
611 2916 775 2953 Theiucr,
791 2915 864 2949 MP.
894 2915 905 2948 Ι
933 2927 984 2948 nr.
1009 2913 1108 2958 1036,
1128 2914 1182 2948 nbi
1201 2918 1305 2947 tamen
1318 2914 1406 2959 salse
1426 2915 1640 2960 impressum:
1660 2914 1702 2948 de
1719 2913 1892 2948 Guidonis
1907 2913 1953 2957 (!)
