2201 3554
1110 292 1344 335 -90-

486 392 576 433 liter
591 391 832 441 constituto,
846 401 990 432 nostro
1007 401 1046 432 et
1060 389 1166 432 dicte
1184 405 1345 433 camere
1362 391 1533 433 nomine
1550 390 1707 434 tradere
1724 403 1763 434 et
1781 391 1976 435 effectua-

483 463 572 504 liter
606 463 814 518 assignare
847 476 1057 517 procures.
1092 461 1182 504 Nos
1216 462 1327 504 enim
1360 461 1519 518 prefato
1554 462 1773 505 Francisco
1805 478 1850 505 ac
1884 464 1975 506 eius

483 533 740 589 procuratori
776 530 986 588 praedicto
1012 531 1195 588 quitandi
1224 543 1264 574 et
1291 532 1529 575 absolvendi
1557 544 1595 575 te
1619 544 1763 576 nostro
1796 545 1834 576 et
1866 533 1975 577 dicte

484 618 645 645 camere
668 604 839 645 nomine
862 602 912 645 de
936 601 1127 659 predictis
1157 616 1263 658 1302
1290 601 1473 655 florenis,
1499 619 1604 660 quos
1631 603 1706 646 sibi
1729 602 1972 661 assignabis,

483 685 525 714 ut
554 672 768 729 prefertur,
792 672 956 729 plenam
978 672 1248 715 concedimus
1270 684 1413 716 tenore
1440 675 1692 730 presentium
1720 673 1972 718 facultatem.

484 744 640 785 Datum
677 744 810 786 Rome
836 742 941 800 apud
971 755 1159 786 sanctum
1190 744 1358 786 Petrum
1393 757 1441 786 10
1469 744 1660 787 kalendas
1687 745 1808 796 Iunii,
1835 746 1973 802 ponti-

484 813 627 857 ficatus
653 826 729 857 etc.
763 830 872 857 anno
905 829 1031 857 nono.

578 909 662 955 Reg.
685 909 765 943 Vat.
797 919 859 954 317
887 908 908 942 s.
935 913 1080 954 92—92‘2
1123 929 1147 934 —
1175 909 1216 943 In
1243 912 1411 956 margine:
1434 911 1653 957 Assignacio.
1674 931 1719 935 ——
1745 910 1787 944 In
1805 909 1894 955 fine:
1920 910 1973 945 De

484 968 577 1002 curia
603 989 648 992 —
671 968 712 1001 A.
740 968 782 1002 de
808 968 1069 1013 Portugruario.
1096 989 1142 992 —
1168 967 1203 1001 F.
1231 969 1274 1003 de
1299 968 1486 1004 Florentia.

573 1110 640 1152 85.
676 1108 820 1151 Salvus
852 1108 1061 1151 conductus
1081 1115 1154 1166 pro
1186 1109 1384 1151 Ludovico
1406 1109 1450 1151 de
1483 1109 1740 1161 Ballionibus,
1768 1119 1975 1153 mercatore

484 1180 688 1231 Perusino,
713 1179 764 1221 ad
791 1187 922 1236 partes
948 1179 1134 1221 Poloniae
1166 1188 1201 1221 et
1231 1179 1333 1223 alias
1365 1181 1406 1222 in
1430 1182 1590 1237 negotiis
1621 1195 1795 1223 camerae
1825 1189 1976 1238 aposto-

484 1249 578 1292 licae
606 1249 875 1307 proficiscenti.

1286 1346 1444 1398 Romae,
1484 1361 1535 1402 17
1569 1346 1724 1404 Aprilis
1758 1348 1885 1403 1398.

573 1451 810 1494 Bonifacius
833 1464 909 1494 etc.
933 1452 1250 1495 Venerabilibus
1278 1452 1470 1496 fratribus
1493 1454 1733 1510 patriarchis
1760 1464 1836 1496 etc.
1865 1454 1976 1497 salu-

483 1534 568 1565 tem
612 1535 687 1565 etc.
735 1524 845 1566 Cum
884 1524 1083 1566 dilectum
1129 1523 1264 1566 filium
1306 1524 1567 1567 Ludovicum
1610 1524 1661 1567 de
1703 1523 1974 1579 Ballionibus,

484 1605 760 1636 mercatorem
801 1595 1065 1647 Perusinum,
1098 1595 1326 1652 apostolice
1357 1594 1474 1638 Sedis
1508 1597 1724 1649 nuncium,
1757 1594 1806 1638 ad
1839 1606 1974 1653 partes

482 1664 700 1706 Alamanie
727 1680 891 1707 necnon
918 1666 1102 1718 Boemie,
1127 1666 1269 1718 Dacie,
1289 1666 1462 1718 Swecie,
1488 1667 1701 1723 Norvegie
1728 1677 1768 1708 et
1801 1666 1974 1710 Polonie

483 1750 609 1792 regna
645 1747 684 1778 et
726 1736 946 1778 nonnullas
978 1736 1076 1779 alias
1109 1737 1254 1780 mundi
1289 1748 1424 1793 partes
1457 1752 1532 1794 pro
1573 1738 1786 1780 nonnullis
1818 1738 1973 1780 nostris

482 1819 521 1850 et
569 1820 707 1851 sancte
751 1808 939 1851 Romane
987 1808 1169 1851 Ecclesie
1218 1809 1402 1866 negociis
1440 1809 1682 1865 peragendis
1731 1809 1975 1852 duxerimus

482 1879 788 1932 destinandum,
822 1895 898 1922 nos
932 1881 1142 1936 cupientes
1169 1880 1348 1923 eundem
1374 1879 1652 1933 Ludovicum,
1686 1879 1833 1923 harum
1860 1880 1978 1924 exhi-

482 1948 674 2002 bitorem,
702 1966 799 1992 cum
832 1951 969 2003 sociis,
998 1950 1283 2004 familiaribus,
1303 1952 1558 2008 equitaturis,
1586 1952 1778 2008 navigiis,
1804 1951 1975 2006 valisfis,

481 2019 602 2063 bonis
635 2033 673 2063 et
706 2021 827 2063 rebus
860 2037 1006 2064 eorum
1040 2023 1082 2064 in
1114 2021 1265 2074 eundo,
1298 2021 1444 2065 stando
1477 2033 1517 2064 et
1559 2021 1607 2065 ad
1642 2037 1718 2065 nos
1763 2021 1975 2067 redeundo

481 2092 600 2148 plena
645 2094 863 2135 securitate
907 2093 1098 2150 gaudere,
1144 2093 1456 2136 universitatem
1494 2104 1676 2136 vestram
1705 2108 1902 2151 rogamus
1935 2105 1975 2137 et

482 2163 698 2207 hortamur
713 2175 878 2217 attente,
895 2176 1097 2221 quatenus
1116 2164 1295 2208 eundem
1316 2163 1594 2217 Ludovicum,
1613 2179 1710 2206 cum
1727 2177 1799 2222 per
1815 2176 1974 2222 portus,

480 2250 638 2291 passus,
671 2247 812 2288 terras,
845 2235 1056 2279 districtus
1089 2247 1127 2279 et
1161 2236 1250 2278 loca
1292 2247 1428 2278 vestra
1459 2236 1680 2278 transitum
1714 2235 1870 2290 fecerit,
1896 2250 1973 2293 pro

480 2317 620 2348 nostra
652 2318 690 2348 et
723 2307 948 2364 apostolice
975 2306 1092 2350 Sedis
1125 2307 1355 2350 reverentia
1380 2304 1556 2363 benigne
1583 2307 1972 2351 recommendatum

479 2376 674 2419 habentes
719 2388 758 2420 et
801 2377 1033 2421 honorifice
1076 2388 1384 2435 pertractantes,
1418 2378 1575 2420 nullam
1614 2379 1650 2420 ei
1687 2393 1732 2420 ac
1775 2379 1900 2421 sociis
1932 2389 1973 2422 et

478 2446 750 2490 familiaribus
791 2449 876 2490 suis
918 2448 1127 2505 prelibatis
1172 2450 1213 2491 in
1257 2450 1460 2506 personis,
1493 2449 1748 2506 equitaturis,
1782 2450 1973 2507 navigiis,

476 2518 646 2569 valisiis,
679 2518 799 2561 bonis
826 2530 865 2562 et
900 2518 1021 2562 rebus
1056 2520 1253 2577 predictis
1285 2519 1468 2563 inferatis
1502 2521 1708 2571 iniuriam,
1736 2521 1974 2565 molestiam

478 2590 543 2632 vel
586 2589 809 2644 offensam,
843 2607 918 2634 nec
951 2591 1000 2634 ab
1034 2592 1136 2643 aliis,
1169 2604 1370 2649 quantum
1409 2594 1449 2635 in
1483 2591 1601 2636 vobis
1636 2592 1770 2645 fuerit,
1803 2594 1976 2651 permit-

479 2660 572 2702 tatis
621 2660 777 2713 inferri,
821 2661 890 2705 sed
925 2663 1062 2719 potius
1100 2663 1252 2720 absque
1286 2663 1493 2706 solutione
1537 2663 1706 2706 alicuius
1747 2663 1860 2717 datii,
1905 2680 1976 2722 pe-

479 2731 588 2787 dagii
621 2732 684 2774 vel
718 2732 876 2789 gabelle
908 2744 948 2775 et
979 2748 1225 2791 quacunque
1253 2733 1328 2776 alia
1360 2734 1573 2776 exactione
1600 2750 1645 2776 ac
1673 2733 1974 2791 impedimento

483 2802 619 2859 aliquo
651 2805 824 2846 transire
866 2805 1128 2861 permittatis,
1161 2805 1318 2862 sibique
1351 2805 1400 2848 de
1443 2820 1589 2847 securo
1629 2805 1850 2860 conductu,
1884 2807 1917 2849 si
1949 2822 1972 2850 a

484 2872 603 2915 vobis
626 2874 743 2916 illum
767 2875 971 2931 petierint,
993 2876 1050 2918 sic
1072 2875 1289 2933 providere
1315 2875 1441 2919 libere
1468 2875 1677 2930 studeatis,
1698 2877 1810 2935 quod
1836 2888 1972 2921 vestra
