2201 3554
509 415 545 454 p.
563 411 609 439 12
628 410 874 453 grossorum
893 393 1028 437 eidem
1048 409 1112 436 ser
1130 394 1304 436 Iohanni
1323 392 1491 436 Bancho
1510 407 1584 449 pro
1599 392 1780 434 secundo
1799 390 1995 442 termino,

508 468 695 511 videlicet
734 467 890 509 mensis
917 466 1023 508 Iunii
1050 466 1239 522 proxime
1272 465 1450 506 venturi.

603 550 772 591 Venetiis,
799 549 968 583 Archivio
995 549 1028 582 di
1055 548 1162 582 Stato.
1182 568 1227 572 —
1245 547 1414 589 Petizion,
1435 546 1606 580 Sentenzc
1629 557 1647 579 a
1675 544 1847 591 giustizia,
1868 543 1917 577 R⁰
1943 541 1996 587 56,

507 614 556 644 c.‘³
589 620 641 654 15.

593 713 660 752 64.
696 708 917 765 Recognitio
939 706 1104 750 Nicolai
1129 707 1163 749 V
1165 707 1248 765 agii
1274 714 1407 750 contra
1435 706 1652 749 Iohannem
1671 703 1788 747 Banlc
1813 705 1854 746 in
1877 717 1994 746 causa

503 780 752 837 ‹Jsnm'undam
789 779 975 822 marcium
1012 779 1190 822 Vetzetias
1224 779 1447 820 missarum.

1322 868 1503 921 Venetiis,
1538 880 1559 922 5
1595 867 1742 909 Martii
1777 879 1903 922 1431.

598 965 720 1007 1431,
743 951 809 994 die
835 952 979 1008 quinto
1002 950 1154 993 Martii.
1182 950 1246 993 Ad
1270 950 1593 993 declarationem
1617 947 1770 991 iudicii.
1798 947 1872 990 Ser
1897 947 1995 990 Ni-

503 1022 736 1065 cholaus
774 1021 833 1065 de
875 1022 1069 1064 Vaziis
1110 1021 1212 1064 dixit
1249 1020 1299 1064 ad
1335 1020 1656 1064 declarationem
1695 1017 1850 1070 iudicii,
1882 1017 1992 1076 quod

501 1095 700 1136 existente
717 1103 726 1120 ¹
752 1094 843 1150 ipso
863 1103 966 1135 teste
983 1093 1025 1135 in
1042 1093 1251 1135 Breslavia
1274 1090 1385 1135 dedit
1403 1106 1467 1134 ser
1484 1091 1657 1134 Iohanni
1676 1089 1845 1132 Bancho
1862 1104 1993 1132 unum

502 1164 716 1207 fardellum
739 1163 789 1207 de
810 1164 969 1206 ratione
993 1179 1058 1206 ser
1076 1163 1292 1206 Michaelis
1317 1163 1526 1215 Iohannis,
1549 1162 1590 1204 in
1613 1176 1696 1218 quo
1719 1171 1835 1203 erant
1860 1160 1994 1218 alique

500 1251 698 1278 varnacce
721 1235 962 1278 scilatorum
985 1246 1024 1277 et
1046 1235 1178 1292 alique
1199 1235 1412 1277 variorum
1436 1245 1475 1276 et
1498 1233 1628 1276 multe
1655 1232 1731 1274 alie
1753 1232 1994 1284 mercantie,

499 1322 600 1364 quas
632 1323 696 1350 res
722 1306 855 1350 dictus
887 1306 1002 1349 testis
1034 1305 1145 1349 dedit
1177 1304 1310 1348 eidem
1339 1320 1403 1348 ser
1429 1304 1618 1356 Iohanni,
1646 1313 1690 1345 ut
1716 1303 1802 1360 ipse
1829 1302 1994 1345 mittere

498 1377 664 1421 deberet
696 1378 893 1420 venetias
936 1391 1000 1419 ser
1045 1376 1268 1420 Benedicto
1310 1375 1360 1419 de
1394 1374 1588 1419 Rubertis
1631 1384 1670 1416 et
1713 1372 1824 1431 quod
1859 1372 1993 1416 dictus

498 1465 562 1492 ser
605 1448 852 1492 Benedictus
892 1448 942 1492 de
984 1448 1178 1491 Rubertis
1219 1447 1435 1504 designare
1479 1445 1646 1489 deberet
1688 1460 1752 1488 ser
1795 1443 1993 1487 Michaeli

496 1520 691 1563 Iohannis
723 1531 937 1578 tamquam
970 1535 1034 1562 res
1068 1535 1162 1562 suas
1194 1519 1396 1576 proprias,
1424 1529 1462 1560 et
1493 1533 1573 1574 que
1600 1531 1665 1559 res
1691 1515 1912 1559 veniebant
1943 1514 1992 1558 ad
2022 1505 2024 1507 .

496 1592 582 1633 eius
615 1592 784 1634 risicum
812 1602 850 1633 et
878 1590 926 1634 ad
954 1591 1041 1633 eius
1074 1605 1286 1647 expensas.
1315 1590 1418 1632 Item
1446 1589 1561 1641 dixit,
1589 1587 1700 1645 quod
1726 1597 1853 1630 vento
1880 1586 1992 1630 dicto

494 1673 596 1705 teste
619 1664 815 1705 Venetias
833 1663 967 1715 scivit,
989 1662 1100 1718 quod
1127 1661 1234 1705 dicte
1253 1676 1316 1704 res
1344 1676 1429 1703 non
1456 1661 1584 1702 misse
1612 1659 1777 1702 fuerunt
1793 1658 1992 1701 Venetias

495 1749 566 1790 per
607 1732 764 1776 dictum
810 1748 876 1776 ser
908 1732 1152 1775 Iohannem.
1197 1733 1286 1785 Qui
1328 1731 1464 1774 dictus
1509 1746 1574 1774 ser
1612 1730 1817 1773 Iohannes
1851 1728 1990 1772 Banch

493 1804 594 1847 dixit
627 1804 761 1848 eidem
794 1804 1016 1857 Nicholao,
1049 1803 1161 1860 quod
1194 1804 1280 1860 ipse
1325 1803 1494 1845 miserat
1527 1802 1726 1844 Venetias
1758 1815 1830 1858 per
1861 1815 1992 1858 quen-

492 1875 588 1918 dam
611 1875 863 1918 Vincilaum.
897 1876 1003 1917 Item
1035 1874 1138 1918 dixit
1170 1874 1303 1917 dictus
1329 1873 1545 1925 Nicolaus,
1572 1871 1684 1930 quod
1716 1872 1804 1929 ipse
1830 1872 1990 1914 invenit

490 1945 649 1987 dictum
667 1945 906 1988 Vincilaum
931 1945 996 1988 hic
1020 1946 1062 1988 in
1081 1945 1267 1987 Venetiis
1291 1955 1330 1987 et
1352 1942 1453 1987 dixit
1476 1943 1610 1987 eidem
1633 1942 1840 1995 Vincilao,
1862 1957 1988 1999 quare

489 2016 575 2073 ipse
609 2032 693 2059 non
727 2017 895 2059 miserat
927 2014 1056 2058 dictas
1090 2031 1169 2067 res,
1201 2030 1302 2072 quas
1335 2014 1446 2057 idem
1481 2029 1546 2057 ser
1579 2013 1784 2056 Iohannes
1818 2011 1987 2056 Bancho

489 2088 523 2129 ei
552 2087 730 2130 dederat.
766 2087 854 2140 Qui
887 2087 1113 2144 respondit,
1146 2086 1257 2144 quod
1291 2087 1378 2143 ipse
1405 2084 1571 2128 volebat
1597 2085 1789 2128 denarios
1817 2099 1892 2141 pro
1918 2099 1987 2127 ex-

489 2159 626 2214 pensis
658 2156 803 2200 fiendis
838 2173 911 2215 pro
944 2157 1054 2201 dicto
1089 2157 1273 2200 fardello.
1309 2157 1358 2199 Et
1390 2157 1444 2199 ita
1478 2171 1542 2199 ser
1575 2155 1755 2198 Michael
1789 2154 1985 2198 Iohannis

486 2227 596 2271 dedit
622 2227 757 2270 eidem
778 2228 970 2271 Vincilao
997 2227 1168 2271 ducatos
1196 2238 1373 2284 quatuor
1401 2228 1488 2269 auri
1516 2241 1590 2283 pro
1618 2225 1809 2283 expensis
1836 2224 1984 2268 fiendis

487 2315 561 2356 pro
584 2299 695 2342 dicto
724 2299 910 2342 fardello.
938 2300 1088 2342 Postea
1110 2310 1318 2342 transacto
1351 2298 1488 2355 aliquo
1511 2309 1700 2355 tempore
1722 2297 1856 2340 dictus
1878 2296 1985 2340 Vin-

485 2371 613 2413 cilaus
644 2371 746 2414 dixit
778 2369 915 2414 eidem
947 2371 1140 2427 Nicolao,
1173 2370 1285 2428 quod
1317 2370 1403 2427 ipse
1431 2384 1515 2412 non
1544 2370 1712 2411 miserat
1739 2368 1868 2411 dictas
1902 2382 1981 2420 res,

483 2443 577 2499 quia
606 2457 671 2484 ser
691 2441 896 2484 Iohannes
920 2442 1088 2485 Bancho
1113 2443 1149 2484 ei
1175 2441 1392 2498 scripserat
1416 2451 1454 2483 et
1481 2450 1731 2498 preceperat,
1754 2438 1866 2497 quod
1895 2439 1982 2496 ipse

483 2512 649 2556 deberet
680 2524 820 2556 tenere
854 2511 981 2555 dictas
1016 2528 1079 2555 res
1113 2511 1161 2555 ad
1194 2513 1282 2555 eius
1315 2512 1559 2569 petitionem
1588 2526 1716 2568 prope
1741 2526 1783 2553 se
1806 2521 1845 2553 et
1867 2509 1980 2567 quod

483 2600 567 2627 non
600 2584 765 2627 deberet
796 2584 893 2627 dare
926 2584 1059 2626 alicui.
1095 2584 1145 2626 Et
1176 2583 1286 2641 quod
1315 2584 1369 2626 ita
1396 2582 1445 2625 ad
1468 2597 1636 2639 presens
1662 2581 1770 2624 dicte
1793 2596 1858 2624 res
1881 2591 1979 2624 sunt

481 2657 522 2697 in
557 2655 746 2697 manibus
778 2655 876 2698 dicti
903 2655 1082 2698 Vincilai
1115 2653 1163 2698 ad
1197 2655 1435 2697 instantiam
1468 2668 1533 2696 ser
1565 2653 1762 2695 Iohannis
1790 2651 1978 2695 Bancho.

578 2744 746 2786 venetiis,
758 2745 863 2778 Arch.
887 2744 920 2778 di
934 2744 1044 2786 Stato,
1063 2744 1166 2778 Giud.
1186 2744 1217 2777 d.
1228 2743 1334 2777 Petiz.
1346 2742 1522 2776 Estraord.
1538 2742 1619 2776 nod.
1635 2742 1734 2776 busta
1746 2742 1826 2787 908,
1843 2741 1925 2775 fasc.
1945 2751 1979 2785 9,

482 2803 500 2837 s.
528 2813 595 2848 17v.
615 2824 659 2828 —
682 2803 744 2837 Ed.
766 2802 989 2844 Simomfeld,
1011 2803 1037 2846 Ι,
1064 2815 1095 2849 p.
1123 2813 1199 2849 197,
1220 2814 1270 2836 nr.
1296 2802 1373 2846 367.

578 2895 585 2911 1
616 2887 691 2921 MS.
721 2895 811 2921 ente.
