2201 3554
735 353 968 394 -29ss

108 470 321 512 suspenso.
356 453 548 496 Tandem
582 451 824 495 adveniente
858 450 962 493 festo
996 451 1122 492 sancti
1151 451 1251 501 Viti,
1285 449 1353 492 ubi
1386 452 1508 493 etiam
1538 451 1594 493 sic

108 526 253 569 annale
294 525 432 567 forum
473 524 677 567 Cracovie
715 521 956 572 celebratur,
999 532 1042 564 ut
1076 536 1210 578 supra,
1244 523 1392 563 iterum
1433 521 1593 564 adducti

109 608 203 640 sunt
234 596 318 640 duo
352 609 495 638 currus
527 593 646 636 dictis
679 592 861 635 dominis
900 593 1115 648 zuppariis,
1150 593 1191 634 in
1231 591 1378 648 quibus
1421 593 1595 634 stamina

110 667 233 725 panni
257 664 522 717 habebantur,
545 662 772 706 secundum
797 663 950 705 litteras
974 663 1310 718 recognitionum
1339 661 1388 704 de
1417 662 1595 705 Bandzin

109 754 131 781 a
162 737 475 780 theoloneatore
506 735 556 778 de
588 733 757 786 ibidem,
781 732 970 775 videlicet
1003 734 1044 774 in
1072 749 1151 775 una
1185 746 1263 788 150
1292 734 1468 776 stamina
1495 744 1533 776 et
1557 735 1596 776 in

69 816 73 818 ’
109 808 186 851 alia
217 808 348 850 littera
381 805 431 848 de
464 805 543 848 alio
576 819 697 847 curru
724 818 774 859 45
804 804 1000 854 stamina3
1034 814 1072 845 et
1095 815 1261 860 propter
1288 804 1399 860 prius
1437 803 1600 847 theolo-

110 894 236 922 neum
268 888 490 930 retentum,
521 875 718 918 dominus
760 874 1047 917 theoloneator
1092 874 1302 931 prohibuit
1335 890 1516 931 pannum
1549 875 1599 919 de

110 948 299 992 curribus
316 948 524 1005 deponere
544 957 733 988 vectores
755 956 793 988 et
815 945 870 987 sic
896 946 1190 988 convenientes
1209 957 1342 1002 partes
1361 962 1409 989 ex
1426 946 1600 990 adverso

112 1031 259 1064 mutuo
293 1021 397 1062 inter
430 1034 471 1061 se
506 1017 689 1060 fecerunt
715 1031 862 1073 graves
894 1016 1194 1058 altercationes.
1219 1016 1413 1060 Tandem
1439 1017 1601 1060 domini

111 1092 289 1150 zupparii
321 1091 630 1134 destinaverunt
662 1103 786 1130 suum
819 1088 1037 1144 specialem
1071 1089 1296 1139 notarium,
1339 1100 1381 1130 ut
1425 1089 1602 1131 solveret

112 1161 384 1206 theoloneum
416 1171 454 1203 et
487 1159 610 1202 solvit
647 1172 664 1214 5
691 1157 875 1200 florenos
908 1169 946 1200 et
968 1156 1164 1200 dominus
1196 1158 1484 1201 theoloneator
1509 1158 1602 1201 fecit

114 1244 355 1290 computare
387 1231 550 1274 notario
583 1245 659 1272 suo
693 1244 813 1286 super
846 1230 1063 1271 rationem.
1094 1228 1286 1272 Tandem
1314 1231 1498 1272 notarius
1530 1229 1604 1273 do-

115 1305 329 1347 minorum
362 1302 653 1359 zuppariorum
686 1300 887 1343 discessit.
922 1300 1069 1342 Postea
1102 1315 1180 1357 ego
1222 1301 1407 1343 notarius
1443 1300 1606 1344 theolo—

95 1373 295 1417 'neatoris
330 1373 387 1416 fui
414 1373 549 1415 iussus
576 1371 714 1414 videre
746 1385 905 1428 pannos
933 1370 1112 1428 prefatos
1146 1386 1217 1428 per
1247 1371 1444 1414 dominos
1473 1387 1604 1415 meos.

116 1446 343 1503 Postquam
376 1458 455 1500 ego
488 1442 582 1485 illuc
605 1442 788 1499 perveni,
821 1442 1007 1484 notarius
1029 1443 1320 1500 zuppariorum
1354 1441 1517 1485 nolebat
1537 1442 1609 1485 de-

117 1531 270 1573 ponere
302 1529 460 1572 pannos
488 1512 668 1571 prefatos
700 1523 785 1554 tam
819 1511 902 1563 diu,
929 1511 1061 1555 donec
1089 1524 1299 1570 apportata
1326 1512 1401 1556 sibi
1431 1513 1505 1556 fuit
1527 1529 1608 1556 una

117 1589 250 1630 littera
282 1584 572 1628 theutonicalis
599 1595 639 1626 et
659 1599 708 1625 ex
731 1595 828 1625 tunc
862 1583 1148 1641 interrogavit:
1172 1585 1239 1626 An
1262 1583 1468 1626 sufficeret
1492 1600 1607 1627 reco-

117 1659 249 1716 gnitio
281 1672 367 1709 sua,
399 1667 501 1713 quot
532 1655 654 1712 panni
689 1654 859 1697 fuissent
893 1655 933 1696 in
966 1654 1167 1707 curribus,
1200 1671 1250 1697 an
1282 1654 1412 1698 debeo
1444 1655 1610 1697 visitare

119 1728 316 1772 dominos
336 1738 446 1778 tuos,
470 1737 513 1768 ut
535 1727 593 1768 eis
615 1724 806 1778 referam,
829 1725 938 1782 quod
964 1724 1051 1768 fuit.
1078 1725 1157 1768 Cui
1180 1725 1373 1782 respondi
1394 1743 1401 1768 :
1435 1725 1609 1779 Sufficit,

121 1799 249 1843 michi
282 1799 316 1841 si
347 1797 550 1850 retuleris,
572 1808 610 1840 et
637 1795 690 1838 ob
722 1796 801 1838 hoc
829 1812 849 1838 a
883 1794 1065 1839 dominis
1098 1796 1177 1840 huc
1205 1798 1474 1840 transmissus
1502 1813 1610 1840 sum.

121 1871 173 1914 Et
203 1869 304 1913 dixit
337 1868 479 1919 michi,
511 1867 622 1925 qnod
656 1868 832 1910 stamina
867 1868 906 1909 in
940 1866 1101 1911 duobus
1134 1867 1322 1911 curribus
1355 1868 1522 1925 prefatis
1549 1884 1613 1911 es-

125 1952 216 1985 sent
250 1953 331 1996 309
364 1951 405 1982 et
437 1954 463 1995 4
485 1939 779 1981 involutiones.
805 1939 853 1980 Et
887 1939 943 1981 sic
967 1954 1046 1995 ego
1069 1940 1254 1982 notarius
1286 1939 1612 1982 theoloneatoris

125 2010 407 2069 computando
438 2010 578 2052 inveni
611 2020 650 2051 et
682 2008 731 2052 de
768 2009 831 2052 his
864 2010 1153 2052 testimonium
1186 2009 1387 2067 perhibeo,
1415 2011 1612 2053 veritatis.

221 2105 339 2139 Helzel
366 2104 409 2146 ΙΙ,
430 2115 481 2138 nr.
510 2113 612 2147 2043.
630 2124 675 2128 —
696 2102 774 2136 Vide
800 2103 886 2137 alias
911 2105 1114 2149 quaestiones
1140 2115 1213 2138 cum
1241 2104 1316 2138 aliis
1342 2104 1516 2138 eorundem
1536 2111 1613 2151 sup-

123 2165 313 2211 pariorun.·‚
339 2163 480 2200 ibidem.
506 2174 558 2196 nr.
587 2171 689 2204 2105,
718 2172 819 2196 2210.

217 2260 286 2301 45.
323 2257 488 2301 Senatus
520 2255 772 2298 Florenlimts
815 2256 1039 2299 Antonium
1081 2265 1112 2299 et
1154 2257 1403 2300 Leonardmn
1442 2258 1484 2300 dc
1524 2257 1618 2300 Flo-

131 2329 272 2382 rentia,
293 2329 492 2385 utriusque
511 2326 605 2370 salis
625 2328 840 2384 supparios,
858 2329 1009 2385 gratiae
1032 2329 1131 2385 regis
1154 2328 1339 2371 Poloniae
1361 2329 1616 2372 commendat.

828 2421 1062 2473 Florentiae,
1100 2437 1124 2478 7
1157 2422 1368 2465 Februarii
1402 2437 1528 2479 1427.

222 2502 327 2560 Regi
359 2502 546 2545 Polonie.
580 2502 852 2545 Serenissime
885 2514 961 2546 etc.
997 2503 1214 2556 Quoniam
1246 2505 1287 2546 in
1321 2505 1490 2548 colenda
1525 2507 1620 2548 reti-

133 2573 347 2631 nendaque
380 2575 534 2617 iustitia
555 2574 703 2617 Vestra
737 2575 955 2627 serenitas,
978 2586 1020 2617 ut
1054 2577 1164 2633 regie
1190 2575 1377 2632 dignitati
1411 2578 1619 2630 convenit,

134 2646 239 2688 inter
271 2659 420 2688 omnes
452 2644 587 2701 legem
622 2644 778 2687 Christi
811 2644 1049 2701 profitentes
1082 2646 1249 2697 eminet,
1283 2662 1368 2689 non
1400 2648 1474 2689 erit
1501 2646 1621 2690 nobis

135 2731 234 2759 cure
254 2731 439 2773 querere,
467 2730 650 2773 quonam
676 2714 805 2758 modo
826 2716 958 2758 valeat
986 2728 1124 2759 nostra
1152 2715 1319 2760 devotio
1346 2718 1621 2760 iustissimum

138 2787 369 2844 principem
401 2786 449 2829 ad
473 2801 562 2830 rem
595 2786 828 2839 honestam,
851 2802 976 2844 quam
1001 2799 1141 2844 suapte
1164 2799 1308 2831 natura
1331 2804 1494 2846 semper
1516 2789 1624 2843 fecit,

140 2873 426 2910 commovere,
457 2857 526 2900 sed
559 2857 696 2900 solum
731 2857 978 2901 humilitatis
1004 2870 1145 2901 nostre
1171 2858 1423 2903 desiderium
1450 2861 1626 2918 explica-

142 2928 296 2981 bimus,
333 2928 574 2972 firmissima
607 2944 677 2986 spe
703 2939 903 2981 tenentes,
931 2930 1096 2987 cognita
1124 2929 1387 2987 benignitate,
1409 2947 1486 2989 qua
1515 2932 1625 2974 cives
