2201 3554
755 328 811 332 —
846 315 892 356 31
934 328 986 332 —-

131 414 247 457 inviti
281 414 508 456 solverunt.
556 415 828 456 Asseveratur
867 415 990 456 etiam
1040 415 1150 471 ipsos
1192 415 1395 457 rationem
1428 426 1468 457 et
1500 430 1618 457 com-

131 495 276 542 potum
317 499 454 536 suum,
498 494 541 526 ut
573 483 855 526 administrata
889 500 958 541 per
990 500 1061 527 eos
1099 484 1294 527 omnibus
1327 496 1464 528 essent
1506 496 1616 537 nota,

129 569 296 597 summa
322 569 419 597 curn
452 555 645 597 instantia
677 554 852 597 revideri
885 556 1049 611 petiisse
1082 566 1121 598 et
1152 555 1284 598 adhuc
1317 571 1401 598 non
1435 557 1617 613 potuisse

129 626 252 683 petita
286 626 396 668 iuxta
428 641 575 668 eorum
608 624 857 668 desiderium
885 627 1084 682 optinere.
1117 627 1206 669 Nec
1228 637 1398 678 tacetur,
1426 628 1537 684 ipsos
1564 627 1617 669 ob

129 706 302 752 pestem,
335 711 413 753 que
440 695 566 753 priori
592 710 702 737 anno
728 710 875 738 eorum
903 695 1027 738 officii
1052 712 1228 753 regnum
1262 708 1448 739 vestrum
1477 708 1514 740 et
1541 697 1618 739 alia

127 766 217 808 loca
249 765 425 808 finitima
454 764 740 808 miserabiliter
765 765 975 818 infecerat,
1004 766 1129 808 fuisse
1158 768 1350 810 maximis
1372 767 1535 810 danmis
1559 767 1618 810 af-

128 837 272 890 fectos,
299 852 373 880 nec
396 837 454 880 eis
476 836 622 880 deinde
646 836 874 879 secundum
903 837 1027 880 factas
1051 839 1259 895 pactiones
1287 854 1376 881 esse
1403 837 1452 881 de
1479 837 1617 881 debito

126 906 395 960 satisfactum,
428 905 498 950 sed
531 922 617 949 non
646 907 826 950 humane
859 923 1001 950 secum
1030 910 1070 950 in
1096 909 1302 951 solutione
1324 920 1487 966 gestum
1514 924 1617 960 esse,

125 994 222 1023 cum
255 977 304 1022 ad
336 977 376 1022 id
409 977 657 1021 solvendum
690 994 775 1021 non
807 979 888 1021 sint
915 978 1098 1032 obnoxii,
1126 979 1166 1021 hi
1199 978 1368 1037 quidem
1390 981 1500 1023 cives
1534 995 1617 1022 no-

128 1050 217 1103 stri,
244 1050 278 1092 si
303 1065 399 1092 vera
432 1049 553 1092 nobis
581 1049 826 1102 referuntur,
855 1051 895 1092 in
922 1061 1082 1093 tantum
1109 1062 1306 1103 artantur,
1329 1051 1455 1108 quod,
1480 1052 1513 1094 si
1534 1051 1619 1094 Ve-

128 1131 209 1164 stra
232 1121 438 1165 Serenitas
451 1135 597 1164 eorum
616 1136 699 1163 non
719 1120 979 1164 miserebitur
998 1137 1071 1164 nec
1091 1120 1315 1178 providerit
1328 1122 1402 1180 (5),
1425 1123 1552 1179 ipsos,
1576 1134 1618 1165 ut

128 1193 383 1250 promissum
412 1192 556 1244 extitit,
590 1207 684 1234 cum
719 1192 871 1234 iustitia
897 1193 1074 1245 tractari,
1103 1208 1186 1235 non
1209 1191 1380 1235 libenter
1408 1193 1476 1236 sed
1501 1193 1618 1235 inviti

128 1273 324 1320 cogentes
346 1262 500 1305 famam
523 1263 673 1319 pariter
699 1275 738 1306 et
765 1263 970 1305 honorem
998 1264 1200 1315 amittere,
1228 1278 1301 1305 nec
1330 1274 1522 1320 poterunt
1548 1279 1619 1305 eo-

129 1347 222 1375 rum
256 1331 447 1375 fratribus
473 1343 513 1374 et
535 1333 658 1375 sociis
681 1333 852 1389 aliisque
876 1333 1175 1375 mercatoribus
1199 1332 1447 1385 satisfacere,
1469 1333 1618 1390 quibus

127 1418 204 1461 pro
223 1404 459 1446 mercantiis
486 1414 526 1446 et
547 1402 696 1446 habitis
722 1402 900 1446 denariis
919 1415 1013 1446 sunt
1040 1403 1262 1462 obli[ga]ti,
1282 1404 1412 1447 dictas
1438 1420 1588 1461 zuppas
1604 1413 1614 1431 ¹

127 1473 382 1518 reformandi
414 1490 536 1517 causa
572 1485 611 1517 et
644 1489 719 1532 pro
755 1473 1031 1518 solutionibus
1064 1475 1280 1518 Serenitati
1314 1475 1351 1517 V
1356 1486 1463 1518 estre
1501 1475 1617 1518 factis

127 1546 232 1589 ultra
248 1546 434 1589 debitum
452 1547 555 1598 eius,
581 1545 690 1603 quod
709 1561 805 1588 vere
834 1546 965 1589 facere
986 1545 1242 1589 tenebantur.
1277 1547 1335 1589 Ex
1357 1546 1505 1602 quibus
1528 1547 1619 1604 qui—

127 1616 223 1660 dem
257 1616 378 1660 rebus
406 1617 495 1659 luce
522 1617 671 1659 clarius
698 1616 1077 1674 comprehenditur,
1111 1633 1194 1659 non
1219 1617 1356 1660 solum
1381 1618 1492 1674 ipsos
1526 1616 1619 1659 offi-

127 1688 250 1731 ciales
282 1699 458 1741 vestros,
485 1688 555 1731 sed
582 1689 705 1730 etiam
739 1688 840 1730 alios
868 1689 978 1730 cives
1005 1699 1188 1742 nostros,
1215 1689 1283 1745 qui
1310 1704 1403 1731 suas
1432 1703 1619 1731 mercan-

126 1760 203 1802 tias
229 1774 275 1802 ac
303 1774 502 1802 nummos
520 1758 600 1801 illis
617 1758 890 1811 crediderunt,
908 1759 987 1801 nisi
1011 1759 1158 1801 Vestra
1180 1758 1419 1803 Sublimitas
1436 1758 1617 1802 bonitate

127 1845 199 1873 sua
217 1827 430 1887 provideat
452 1840 492 1872 et
514 1840 715 1879 occurrat,
732 1844 817 1871 non
841 1828 1121 1871 mediocribus
1143 1829 1305 1872 damnis
1326 1828 1433 1872 affici
1455 1829 1616 1873 debere.

128 1901 247 1954 Quas
288 1900 342 1943 ob
390 1915 454 1943 res
488 1899 716 1957 sepedictos
749 1901 860 1943 cives
901 1911 1067 1942 nostros
1106 1901 1379 1944 Serenissime
1412 1901 1618 1944 Maiestati

127 1972 290 2024 Vestre,
322 1986 401 2029 que
426 1971 594 2028 quidem
622 1971 670 2014 ad
705 1987 767 2014 res
794 1972 922 2013 iustas
954 1971 1204 2028 peragendas
1238 1983 1427 2029 prompta
1456 1988 1618 2030 semper

127 2054 187 2086 est
205 2053 325 2100 atque
342 2053 492 2100 parata,
509 2042 560 2085 de
578 2058 691 2085 novo
713 2054 859 2086 nostro
881 2054 970 2085 toto
994 2044 1144 2085 mentis
1164 2043 1313 2086 affectu
1336 2043 1617 2097 commendat,

128 2129 328 2171 magnum
362 2114 402 2155 in
431 2113 605 2156 modurn
634 2129 771 2166 oranS,
800 2125 857 2167 ut,
886 2129 980 2156 cum
1005 2115 1119 2171 regni
1147 2114 1323 2172 dignitas
1346 2126 1467 2173 atque
1492 2115 1617 2158 decus

128 2186 170 2228 in
196 2184 519 2228 administranda
543 2186 694 2228 iustitia
728 2185 1022 2243 servandisque
1050 2184 1208 2242 legibus
1236 2197 1517 2240 conservetur,
1546 2186 1618 2229 Se-

128 2256 312 2298 renitatis
344 2255 493 2298 Vestre
521 2254 796 2298 mansuetudo
837 2255 1029 2313 dignetur
1058 2257 1100 2298 in
1133 2256 1507 2314 singularissimam
1543 2273 1618 2300 no-

127 2337 255 2370 stram
282 2327 459 2384 gratiam
492 2327 590 2384 ipsis
616 2328 770 2370 nostris
803 2326 961 2370 civibus
987 2329 1110 2385 regiis
1143 2327 1388 2371 officialibus
1413 2330 1618 2386 promissa

127 2398 239 2440 iuxta
271 2396 455 2440 firmatas
488 2399 788 2440 conventiones
821 2398 859 2440 in
894 2398 1090 2440 omnibus
1118 2397 1328 2441 observari
1363 2398 1508 2442 facere.
1543 2400 1619 2443 Ni—

127 2467 207 2510 chil
241 2478 301 2510 est
339 2469 451 2511 enirn
490 2469 574 2525 regi
608 2469 830 2526 gloriosius
864 2484 939 2512 nec
972 2468 1159 2512 fidelibus
1193 2471 1277 2512 suis
1304 2471 1459 2527 gratius
1491 2486 1616 2528 quam

128 2538 410 2582 administrate
441 2540 596 2582 iustitie
622 2539 860 2596 predicatio,
887 2555 966 2596 que
1000 2541 1088 2582 sine
1113 2540 1240 2584 dubio
1269 2541 1402 2583 bonos
1429 2542 1542 2584 viros
1568 2541 1617 2584 ad

128 2610 304 2653 virtutes
330 2609 478 2652 allicit²
508 2610 722 2668 malosque
743 2610 934 2653 deterret.
963 2611 1118 2654 Datum
1143 2611 1348 2655 Florentie
1368 2613 1433 2655 die
1456 2626 1480 2668 7
1501 2628 1619 2655 men-

131 2681 187 2722 sis
220 2679 431 2723 Februarii
470 2682 624 2737 1426.³

225 2762 434 2805 Florentiae,
462 2764 630 2798 Archivio
662 2764 695 2798 di
727 2764 836 2806 Stato‚
870 2764 1041 2809 Signoria‚
1076 2766 1217 2800 Missive
1250 2767 1278 2800 1³
1304 2766 1531 2808 Cancelleria,
1566 2777 1618 2811 30,

131 2833 160 2856 c.
194 2822 380 2858 108v-11o.

230 2911 239 2929 ¹
267 2904 344 2938 ΑΜΒ.
372 2905 480 2940 iubas.
553 2904 658 2939 2MS.
686 2906 800 2940 allicet
881 2913 896 2937 ³
912 2905 1098 2942 Secundum
1124 2908 1350 2943 calendarium
1377 2909 1616 2944 Florentinum.
