2201 3554
1119 294 1351 337 *52-

495 396 569 436 l'er
604 394 638 436 la
671 393 761 449 qual
807 393 1006 434 sententia
1050 391 1262 435 arbitraria
1293 392 1430 443 dicho,
1464 391 1553 434 chel
1590 391 1701 434 dicto
1744 406 1809 434 scr
1842 392 1979 435 Zuane

494 480 577 506 non
612 479 677 506 me
710 465 791 520 puo
823 462 1051 505 domandar
1083 464 1093 504 i
1126 463 1222 505 dicti
1256 464 1355 515 vari,
1376 478 1426 504 ne
1458 462 1575 513 altro,
1609 477 1659 504 ne
1692 462 1733 504 io
1767 463 1779 504 i
1806 477 1884 505 son
1909 461 1981 505 de-

493 534 625 577 bitore
652 550 672 576 a
705 535 842 576 niente
869 548 939 590 per
960 533 1039 576 doc
1066 548 1211 575 caxon.
1239 534 1377 575 Prima
1401 532 1549 589 perche
1572 532 1606 575 el
1633 531 1736 575 ditto
1759 546 1825 575 ser
1851 531 1981 575 Zanin

493 621 576 648 non
611 605 699 647 m'it
728 603 912 647 ubeditto
944 604 979 646 la
1011 602 1118 646 dicta
1142 604 1341 646 sententia
1369 619 1420 646 ne
1454 604 1495 645 in
1522 614 1634 660 parte
1660 619 1710 646 ne
1734 604 1776 646 in
1797 613 1902 655 tuto,
1929 619 1980 646 ne

495 687 668 734 promto
696 673 877 718 secundo
910 690 979 732 per
1011 675 1129 731 quela
1163 675 1363 717 sententia
1396 690 1417 716 e
1449 674 1613 717 affretto
1645 673 1695 717 de
1730 674 1826 726 fare,
1853 689 1980 718 como

493 748 628 803 spiero
650 745 883 788 dechiarare
906 746 941 787 le
969 746 1198 788 reverentie
1230 756 1370 788 vostre
1393 746 1433 788 in
1450 756 1592 802 questa
1624 744 1783 788 deffexa
1812 746 1909 798 mia,
1941 755 1982 788 et
2017 787 2019 789 ,

494 817 696 860 eciamdio
719 833 739 859 a
758 817 902 859 bocha.
932 817 981 859 Et
998 816 1176 859 anchora
1200 830 1374 873 provare
1397 816 1433 858 la
1452 815 1643 869 seconda,
1670 816 1819 873 perche
1841 816 1878 859 el
1894 815 1982 860 dito

495 903 559 930 ser
578 889 705 930 Zanin
724 887 773 930 de
793 887 890 930 dicti
913 888 1000 930 vari
1023 888 1197 930 insieme
1224 903 1303 929 con
1336 887 1378 929 10
1404 887 1615 930 chremexi
1649 903 1691 930 se
1724 886 1877 930 acordo
1903 901 1984 930 con

495 959 528 1002 el
563 959 673 1001 dicto
706 959 891 1001 Antonio
923 958 972 1001 de
1006 959 1141 1000 Zuane
1173 957 1214 1000 di
1248 974 1319 1000 sua
1351 957 1536 1010 volont2'1‚
1569 973 1591 1001 e
1623 973 1693 1015 per
1726 974 1798 1000 sua
1830 957 1983 1015 grande

496 1030 626 1072 utilit&
659 1041 698 1072 et
731 1029 934 1072 eciamdio
969 1029 1010 1072 fo
1042 1040 1207 1086 pagatto
1249 1028 1370 1086 dapoi
1412 1029 1554 1072 zercha
1583 1029 1692 1072 mexi
1726 1044 1752 1085 4
1783 1028 1847 1072 del
1879 1027 1985 1072 ditto

495 1100 660 1143 acordo.
689 1101 736 1142 El
768 1100 861 1157 qual
889 1099 1041 1142 acordo
1068 1115 1093 1143 o
1115 1111 1363 1158 pagamento
1396 1116 1530 1157 spero,
1563 1101 1771 1143 mostrert')
1797 1100 1938 1143 chiaro
1963 1115 1985 1142 a

497 1172 533 1214 le
565 1171 874 1228 magnifizenzie
911 1183 1050 1214 vostre
1092 1186 1164 1228 per
1203 1183 1345 1228 questa
1390 1172 1472 1214 mia
1502 1170 1678 1214 deffessa
1710 1183 1751 1214 et
1781 1169 1986 1214 eciamdio

496 1258 670 1299 provare
703 1257 773 1299 per
800 1241 941 1294 modo,
975 1240 1164 1284 vederete
1197 1242 1353 1295 chiaro,
1374 1258 1460 1285 non
1484 1257 1570 1292 ,son
1603 1241 1786 1299 obligato
1813 1242 1849 1285 al
1875 1241 1986 1286 dicto

499 1329 563 1356 ser
596 1315 732 1356 Zuane
763 1313 812 1356 de
846 1314 855 1355 i
891 1312 988 1355 dicti
1021 1314 1121 1366 vari,
1154 1329 1205 1356 ne
1238 1312 1385 1356 d'altro
1418 1314 1460 1356 in
1492 1313 1635 1356 alcuna
1668 1329 1783 1356 coxa.

588 1385 618 1426 E
651 1400 721 1442 per
749 1383 983 1427 dechiarare
1005 1384 1040 1426 la
1068 1385 1201 1441 prima
1227 1395 1340 1442 parte
1361 1384 1469 1438 dico,
1502 1384 1591 1427 chel
1625 1385 1736 1428 dicto
1762 1399 1827 1427 ser
1849 1384 1986 1428 Zuane

499 1458 520 1498 'e
547 1457 816 1498 sentenziatto
834 1471 855 1498 a
873 1455 1028 1498 dovere
1051 1455 1135 1498 fare
1157 1470 1184 1511 4
1206 1471 1321 1498 coxe.
1355 1456 1414 1498 La
1432 1456 1578 1513 prima,
1606 1454 1834 1513 provedere
1859 1470 1881 1498 e
1903 1454 1987 1498 fare

499 1527 596 1584 ogni
629 1542 750 1584 possa
783 1542 854 1569 sua
882 1543 902 1568 e
929 1527 1028 1583 ogni
1051 1527 1335 1583 experimento
1357 1526 1536 1570 d'essere
1558 1537 1722 1584 pagatto
1745 1526 1791 1569 da
1817 1526 1917 1570 latto
1936 1525 1987 1570 de

499 1598 534 1640 12¹1
567 1597 825 1640 d'Antuonio
857 1596 906 1639 de
940 1598 1077 1639 Zuane
1103 1596 1153 1640 de
1184 1597 1283 1640 dicti
1309 1598 1395 1640 vari
1416 1612 1438 1640 e
1465 1598 1689 1649 chremixi;
1723 1596 1915 1650 seconda,
1937 1597 1988 1640 de

500 1668 582 1711 fare
616 1669 656 1711 lo
688 1668 798 1711 dicto
830 1668 1114 1725 experimento
1146 1669 1278 1711 inanzi
1312 1669 1349 1711 el
1381 1679 1567 1712 termene
1593 1668 1644 1712 de
1675 1668 1821 1713 Natale
1864 1670 1990 1725 1428,

499 1754 624 1783 como
656 1739 885 1782 dechiariro
909 1755 930 1782 e
957 1740 1164 1796 provero;
1187 1750 1312 1793 terzo,
1341 1739 1416 1783 che
1439 1739 1531 1782 debi
1555 1755 1730 1798 provare
1755 1756 1777 1783 e
1799 1750 1988 1783 constare

499 1826 583 1854 non
617 1825 713 1852 aver
745 1821 918 1867 possuto
951 1825 1062 1852 esser
1094 1821 1243 1868 pagato
1275 1810 1324 1853 de
1366 1810 1403 1853 la
1444 1810 1551 1854 dicta
1589 1810 1688 1853 roba
1730 1808 1989 1853 d'Antuonio

500 1881 697 1938 predicto,
730 1896 751 1923 e
782 1891 930 1938 questo
962 1881 1096 1923 inanzi
1128 1881 1292 1924 Nattale
1324 1881 1524 1938 preditt03
1558 1892 1718 1938 quarto,
1760 1881 1836 1924 che
1871 1880 1988 1924 debia

500 1967 673 2009 provare
705 1951 802 1994 dicti
834 1952 919 1994 vari
954 1967 975 1994 e
1007 1951 1210 1994 chremixi
1243 1967 1310 1995 me
1342 1952 1369 1994 li
1412 1951 1631 1995 mandasse
1662 1953 1704 1994 in
1737 1953 1821 1995 mia
1862 1967 1988 1995 mano

500 2038 571 2080 per
604 2038 651 2065 so
685 2038 811 2065 nome
844 2038 966 2066 come
998 2023 1104 2065 suoi.
1143 2023 1175 2065 E
1207 2034 1351 2081 questa
1384 2038 1511 2080 prova
1543 2023 1699 2066 deveva
1737 2023 1820 2067 fare
1851 2024 1990 2066 avanti

501 2094 662 2138 Natalle
703 2094 823 2150 1428.
858 2094 889 2136 E
913 2109 999 2136 non
1026 2093 1197 2137 fazando
1229 2105 1314 2137 tute
1347 2094 1383 2137 le
1409 2094 1516 2138 dicte
1544 2110 1571 2150 4
1603 2109 1705 2138 coxe
1727 2094 1815 2138 dize
1836 2094 1873 2137 la
1896 2109 1991 2137 sen-

500 2166 625 2207 tentia
659 2166 699 2207 io
731 2180 817 2207 non
849 2165 876 2207 li
909 2166 968 2208 sia
1005 2165 1189 2222 obligato
1222 2182 1243 2209 a
1276 2167 1427 2209 niente.
1463 2166 1569 2210 Che]
1608 2165 1711 2209 ditto
1754 2181 1819 2209 ser
1861 2166 1990 2209 Zanin

500 2252 585 2279 non
617 2235 680 2279 abi
714 2235 815 2279 fatto
849 2237 884 2279 la
917 2237 1048 2294 prima
1084 2237 1149 2280 elo
1183 2236 1430 2280 medexemo
1466 2237 1508 2280 10
1541 2236 1745 2290 confessa,
1778 2237 1853 2280 che
1884 2235 1990 2289 dice,

501 2318 649 2365 poteva
682 2306 784 2350 farlo
817 2323 838 2349 a
872 2323 947 2350 suo
980 2309 1151 2365 piazere‚
1184 2324 1205 2350 e
1238 2310 1279 2351 io
1312 2306 1435 2351 dicho
1473 2308 1548 2351 che
1589 2310 1683 2351 cuxi
1714 2319 1826 2351 tosto
1868 2324 1990 2352 come

501 2378 537 2421 el
563 2378 667 2421 ditto
700 2393 764 2420 ser
797 2379 926 2421 Zanin
958 2390 1053 2436 pote
1085 2377 1314 2422 domandas
1346 2379 1381 2422 el
1413 2379 1518 2422 ditto
1549 2390 1656 2422 trato
1687 2379 1738 2423 de
1769 2379 1852 2423 dite
1890 2378 1990 2423 robe

501 2464 522 2491 e
554 2463 640 2490 non
672 2448 789 2490 volse
821 2464 842 2491 e
876 2459 976 2492 stete
1009 2449 1145 2492 circha
1178 2465 1199 2492 a
1232 2465 1316 2492 uno
1349 2465 1458 2493 anno
1498 2449 1634 2507 dapoi,
1666 2450 1702 2492 la
1744 2465 1873 2493 raxon
1905 2465 1991 2493 non

502 2519 551 2562 de
585 2519 721 2562 volere
754 2521 795 2562 io
828 2521 853 2562 li
887 2521 946 2563 sia
989 2520 1201 2577 obligatho
1234 2522 1333 2578 per'o
1375 2521 1501 2564 affato
1543 2532 1687 2564 contra
1720 2522 1757 2564 la
1789 2522 1991 2565 sententia

504 2602 643 2633 nostra
675 2606 697 2633 e
729 2606 814 2633 non
841 2591 898 2633 1'21
930 2602 1103 2649 possuto
1137 2591 1220 2634 fare
1252 2593 1295 2634 in
1327 2593 1415 2635 mio
1447 2591 1701 2649 preiudici03
1739 2608 1760 2635 e
1793 2592 1869 2636 che
1905 2607 1991 2636 non

504 2661 567 2703 abi
602 2661 685 2704 fato
718 2661 755 2704 la
776 2662 954 2705 seconda
986 2673 1098 2720 parte
1131 2663 1166 2705 al
1189 2674 1347 2720 tempo,
1367 2662 1442 2705 che
1475 2662 1649 2714 dooeva,
1679 2679 1721 2706 se
1747 2678 1875 2720 prova
1904 2679 1992 2706 ma—

504 2731 806 2781 nifestamente,
834 2733 908 2776 che
932 2733 968 2776 le
990 2749 1146 2790 pruove
1170 2750 1220 2776 ne
1245 2733 1364 2777 recha
1394 2733 1493 2777 sono
1512 2743 1521 2760 ¹
1546 2733 1637 2777 date
1664 2734 1849 2792 d’aprille
1880 2747 1989 2790 1429

603 2893 609 2909 ¹
641 2885 721 2919 sono
743 2892 805 2931 pro
834 2886 968 2920 furono.
