2201 3554
757 386 812 390 —
846 372 930 401 xvii
962 386 1018 390 —-

236 475 348 517 1423
385 471 566 516 Octobris
594 486 652 527 31.
685 469 832 514 Solutio
868 471 1017 514 servitii
1055 471 1219 528 episcopi
1261 469 1532 512 Cracoviensis
1559 478 1631 526 per

144 559 286 588 manus
318 543 451 587 Iacobi
482 543 527 586 de
561 543 820 593 Paravesino,
850 550 892 599 p.
925 544 993 593 26,
1030 558 1089 584 nr.
1118 544 1184 598 38.

238 618 350 658 1424
382 614 568 657 Ianuarii
595 628 616 669 5
650 612 887 656 Florentiae.
923 612 1086 655 Senatus
1119 612 1371 655 florentinus
1407 611 1631 654 ll'ladislao

145 686 228 742 regi
257 685 446 728 Poloniae
473 692 547 742 pro
577 685 718 741 gratiis
750 683 956 726 Leonardo
988 685 1066 726 civi
1092 682 1319 726 Florentino
1336 683 1457 741 factis
1478 683 1632 739 gratias

147 757 228 815 agit
259 771 419 814 cumque
452 765 484 798 et
517 755 617 798 alios
650 754 895 798 Florentinos
917 755 1060 812 favori
1091 756 1193 810 regio
1221 753 1476 804 commendat,
1496 761 1537 810 p.
1561 755 1630 805 26,

147 843 211 872 nr.
240 842 307 886 39.

241 902 353 942 1424
386 898 597 942 Februarii
630 913 684 941 ΙΙ.
718 897 864 940 Solutio
896 899 1045 940 ser-vitii
1077 898 1241 955 episcopi
1269 896 1541 940 Cracoviensis
1564 905 1634 954 per

148 984 289 1013 manus
322 969 454 1013 Jacobi
484 969 529 1011 de
565 969 822 1020 Para-vesino,
852 977 893 1026 p.
927 982 996 1023 27,
1032 983 1092 1010 nr.
1126 983 1195 1023 4ο.

242 1043 353 1084 1424
385 1041 556 1097 Augusti
583 1055 603 1095 5
635 1039 868 1082 Cracoviae.
894 1038 1156 1082 Fideiussores
1180 1039 1310 1082 Italici
1327 1047 1401 1096 pro
1429 1038 1634 1081 Leonardo

149 1111 303 1164 Italico,
335 1119 374 1168 p.
407 1125 476 1167 27,
512 1126 574 1153 nr.
606 1125 669 1166 41.

244 1186 356 1226 1424
387 1184 555 1237 Augusti
588 1197 611 1238 7
644 1181 875 1224 Cracoviae.
904 1180 1038 1224 Causa
1063 1182 1162 1224 inter
1181 1180 1381 1224 Albicium
1407 1189 1441 1223 et
1463 1180 1635 1222 Leonar-

150 1254 242 1298 dum
276 1254 446 1306 Italicos,
476 1263 517 1312 p.
551 1257 706 1310 27—28,
741 1269 802 1296 nr.
836 1268 903 1308 42.

243 1327 355 1370 1425
387 1325 533 1368 Martii
563 1341 603 1381 4.
643 1324 679 1366 ll
687 1323 890 1366 'ladislaus
924 1338 992 1366 rex
1020 1324 1204 1366 Poloniae
1226 1332 1369 1382 suppas
1394 1323 1431 1364 ll
1438 1322 1638 1365 'ielicenses

151 1405 184 1439 et
216 1396 455 1440 Boclmenses
486 1396 658 1439 Antonio
692 1404 724 1438 et
748 1395 953 1438 Leonardo
975 1395 1163 1438 Iohannis
1174 1395 1376 1454 fratribus
1399 1394 1637 1437 Florentinis

151 1469 191 1511 in
225 1476 395 1526 quatuor
426 1482 550 1510 annos
582 1466 784 1516 arrendat,
815 1475 855 1523 p.
883 1469 952 1517 28,
988 1482 1048 1508 nr.
1082 1481 1142 1522 43.

244 1541 357 1581 1425
387 1537 483 1581 Iulii
517 1552 564 1593 19
603 1537 835 1580 Cracoviae.
873 1537 1008 1581 Causa
1043 1539 1141 1580 inter
1173 1537 1374 1580 Albicium
1408 1536 1637 1579 theloneato-

153 1625 233 1653 rem
267 1617 299 1652 et
331 1610 548 1652 Antonium
582 1623 727 1651 necnon
761 1608 1009 1651 Leonardum
1044 1609 1263 1666 supparios,
1288 1607 1444 1651 Italicos
1467 1607 1511 1650 de
1544 1606 1639 1649 Flo-

153 1681 295 1732 rentia,
325 1689 366 1738 p.
401 1683 554 1734 28-29,
589 1696 650 1723 nr.
685 1696 752 1736 44.

247 1754 356 1795 1427
390 1750 604 1794 Februarii
629 1766 653 1807 7
688 1750 922 1794 Florentiae.
958 1750 1122 1793 Senatus
1154 1749 1402 1793 Florentinus
1423 1750 1639 1792 Antonium

155 1830 190 1865 et
221 1821 474 1865 Leonardum
511 1821 556 1864 de
600 1821 818 1873 Florentia,
863 1822 1060 1879 utriusque
1100 1820 1195 1864 salis
1235 1822 1453 1878 supparios,
1487 1820 1640 1875 gratiae

156 1894 255 1951 regis
286 1893 473 1937 Poloniae
505 1893 760 1944 comnn’ndat,
792 1901 832 1950 p.
866 1907 1006 1949 29-31,
1041 1908 1103 1935 nr.
1137 1907 1197 1948 45.

250 1967 359 2009 1427
396 1964 609 2008 Februarii
641 1978 664 2020 7
699 1963 937 2007 Florentiae.
971 1963 1135 2007 Senatus
1168 1963 1418 2006 Florentinns
1462 1963 1643 2005 consilia·

157 2036 236 2079 rios
267 2037 367 2093 regis
397 2035 584 2080 Poloniae
610 2044 839 2094 praecatur,
875 2043 1063 2093 quatenus
1096 2037 1133 2078 in
1167 2050 1286 2078 causa
1307 2036 1470 2077 Antonii
1492 2043 1526 2077 et
1547 2034 1643 2077 Leo-

158 2107 277 2151 nardi
307 2109 583 2166 suppariorum
616 2107 723 2165 apud
754 2122 878 2163 regem
911 2107 1160 2159 intercedant,
1189 2116 1231 2166 p.
1261 2121 1324 2163 32,
1359 2121 1420 2148 nr.
1454 2108 1523 2161 46.

252 2181 361 2223 1427
395 2179 502 2222 Maii
534 2193 580 2222 12
617 2179 848 2222 Cracoviae.
886 2178 1021 2222 Causa
1056 2179 1342 2236 Margaretbae
1376 2177 1529 2220 relictae
1557 2176 1642 2218 1Γί-

160 2250 294 2294 lbelmi
323 2251 368 2294 de
400 2250 578 2294 Ferrara
612 2252 757 2294 comitis
790 2260 924 2294 contra
960 2251 1157 2305 Hinczam
1194 2250 1238 2292 de
1271 2250 1417 2305 Rogo-w
1450 2257 1524 2307 pro
1559 2250 1640 2306 qui-

161 2322 325 2366 busdam
358 2322 558 2366 laboribus
589 2332 624 2366 et
656 2322 838 2366 clenodiis
866 2323 1057 2380 pretiosis,
1075 2340 1079 2344 ·
1086 2330 1128 2380 p.
1161 2312 1302 2378 32-34,
1337 2337 1398 2364 nr.
1432 2335 1501 2377 47.

253 2395 364 2437 1428
396 2393 590 2438 Bochnae.
629 2393 876 2436 lVladisIans
909 2408 978 2435 rex
1011 2392 1196 2436 Poloniae
1217 2393 1268 2436 ab
1291 2394 1463 2435 Antonio
1485 2392 1530 2434 de
1553 2391 1647 2434 Flo-

161 2465 286 2507 rentia
317 2465 502 2522 supparia
534 2464 705 2521 rigidam
737 2464 855 2521 exigit
888 2465 1092 2515 rationem,
1122 2471 1164 2521 p.
1199 2478 1259 2519 34,
1295 2479 1354 2505 nr.
1390 2466 1458 2519 48.

255 2537 366 2578 1428
399 2535 552 2593 Aprilis
585 2550 649 2590 19.
683 2535 876 2578 Nicolans
902 2534 1059 2578 larocki
1092 2534 1206 2577 babet
1239 2549 1286 2590 17
1312 2536 1358 2591 ¹¹³2
1390 2534 1547 2577 ducatos
1580 2549 1645 2576 ra-

161 2606 261 2649 tione
293 2605 438 2648 cambii
470 2621 495 2648 a
528 2605 691 2648 Matheo
724 2605 769 2648 de
802 2605 983 2657 Medicis,
1012 2613 1054 2662 p.
1084 2620 1149 2662 34,
1185 2619 1246 2648 nr.
1281 2620 1350 2660 49.

255 2678 366 2719 1428
398 2675 507 2719 Iunii
538 2690 586 2731 19
625 2675 856 2719 Cracoviae.
885 2676 1104 2732 Recognitio
1126 2675 1334 2732 Regiaaldi
1360 2675 1404 2717 de
1427 2675 1582 2718 Sandro
1604 2674 1648 2716 de

163 2749 352 2793 mercibus
387 2748 567 2792 Venetias
599 2747 789 2799 adductis,
817 2756 859 2805 p.
890 2763 1026 2804 34-35,
1062 2762 1122 2790 nr.
1154 2762 1218 2802 5ο.

256 2821 367 2863 1428
399 2820 567 2876 Augusti
598 2833 650 2862 20
689 2817 921 2862 Cracoviae.
956 2818 1134 2862 Albicius
1165 2817 1210 2860 de
1243 2817 1408 2860 Medicis
1440 2818 1650 2874 supparius

164 2890 403 2934 Ilcussiensis
435 2899 569 2934 contra
602 2892 723 2932 civem
755 2890 800 2932 de
827 2889 984 2941 ibidem,
1014 2898 1056 2947 p.
1085 2904 1143 2946 35,
1179 2903 1240 2932 nr.
1271 2903 1328 2944 5ι.

260 2964 370 3005 1429
403 2960 557 3018 Aprilis
579 2975 618 3017 13
645 2960 876 3004 Cracoviae.
899 2959 1169 3015 Promulgatio
1191 2960 1398 3002 sententiae
1420 2959 1650 3016 diffinitivae
