2201 3554
1117 298 1353 341 ,40-

491 401 662 442 Antonii
703 399 943 440 iussionem.
988 398 1217 455 Respondit
1249 399 1470 450 AntoniuS,
1513 397 1624 455 quod
1660 398 1823 440 nullum
1861 398 1979 440 iussit

493 472 627 527 ipsum
663 469 792 511 facere
824 468 1067 525 dampnum,
1094 479 1134 511 et
1175 484 1270 511 cum
1304 469 1509 511 Iohannes
1542 468 1658 510 Bank
1695 483 1780 510 non
1811 466 1980 512 haberet

491 543 646 599 aliquas
689 541 840 583 litteras
883 555 1003 596 super
1055 540 1148 592 hoc,
1194 539 1451 582 absolvimus
1499 540 1635 596 ipsum
1683 539 1916 581 Antonium
1957 553 1979 581 a

492 611 728 654 huiusmodi
762 611 929 667 dampni
963 611 1254 668 postulatione.

580 685 616 725 A
639 683 838 740 principio
865 683 988 737 igitur
1014 681 1265 725 summando
1299 682 1504 739 colligitur
1527 698 1576 724 ex
1609 681 1801 723 universa
1832 681 1982 723 utrim-

493 770 570 811 que
603 755 772 805 ratione,
804 753 915 809 quod
948 752 1152 795 Iohannes
1186 753 1299 796 Bank
1334 763 1518 795 remanet
1550 751 1755 809 obligatus
1793 751 1981 794 Antonio

493 826 685 882 suppario
721 826 762 866 in
805 823 1025 867 duodecies
1058 835 1226 867 centum
1259 825 1482 882 nonaginta
1516 839 1596 866 una
1630 823 1779 866 marcis
1812 837 1982 880 grosso-

493 911 601 946 rum,
630 895 697 938 sed
731 895 780 938 de
808 895 881 937 hac
910 910 1076 937 summa
1110 893 1362 937 ¹tbsumende
1402 905 1497 937 sunt
1534 907 1584 950 50
1618 908 1756 936 marce
1783 909 1833 935 ex
1867 903 1981 950 parte

491 966 658 1017 domus,
681 977 724 1008 ut
746 980 867 1022 supra
890 964 1075 1008 habitum
1097 976 1172 1017 est,
1195 977 1234 1008 et
1260 978 1311 1021 30
1339 980 1477 1007 marce
1503 979 1764 1022 grossorum,
1785 979 1864 1021 que
1887 973 1982 1006 sunt

494 1038 625 1080 solute
659 1038 800 1080 Pironi
833 1048 872 1079 et
904 1038 1004 1079 item
1046 1037 1099 1092 48
1143 1052 1280 1079 marce
1312 1052 1445 1093 gross.
1478 1051 1553 1093 pro
1587 1035 1832 1078 staminibus
1869 1035 1982 1078 sitta-

493 1106 718 1160 mensibus,
745 1106 794 1150 de
826 1106 974 1165 quibus
997 1122 1132 1165 supra.
1160 1107 1265 1149 Item
1288 1105 1508 1164 supradicti
1538 1119 1620 1162 920
1642 1105 1792 1149 floreni
1813 1119 1982 1148 manere

491 1177 640 1220 debent
671 1176 776 1235 apud
808 1177 1038 1220 Iohannem
1066 1177 1182 1220 Bank
1215 1176 1290 1219 sub
1313 1178 1393 1220 isto
1419 1189 1583 1230 eventU,
1611 1178 1644 1219 si
1666 1178 1753 1234 ipse
1775 1175 1982 1219 Iohannes

492 1249 606 1291 Bank
648 1248 823 1305 portabit
865 1248 945 1291 huc
988 1248 1241 1292 Cracoviam
1274 1248 1581 1305 recognitiones
1613 1248 1678 1290 vel
1716 1246 1981 1300 documenta,

490 1319 600 1377 quod
633 1321 720 1377 ipse
752 1320 942 1377 exposuit
975 1318 1215 1362 huiusmodi
1242 1318 1425 1362 florenos
1462 1335 1537 1376 pro
1560 1320 1746 1361 Antonio
1773 1319 1982 1376 suppario‚

491 1392 595 1434 sicut
627 1392 712 1448 ipse
738 1393 925 1448 superius
956 1391 1145 1444 asseruit,
1169 1401 1208 1433 et
1240 1390 1320 1433 hoc
1353 1390 1459 1433 infra
1484 1390 1580 1433 hinc
1612 1401 1652 1433 et
1679 1389 1832 1433 festum
1864 1389 1984 1433 Nati-

491 1463 627 1504 vitatis
660 1462 793 1504 Marie
825 1477 933 1505 nunc
966 1462 1223 1519 proximum,
1255 1472 1353 1504 tunc
1385 1460 1496 1504 idem
1528 1461 1676 1504 floreni
1718 1459 1868 1504 debent
1906 1452 1985 1503 sibi

491 1544 673 1575 manere.
708 1534 751 1577 Si
788 1549 888 1576 vero
910 1548 995 1576 non
1021 1534 1247 1590 portaverit
1273 1532 1513 1576 huiusmodi
1541 1533 1861 1590 recognitiones,
1885 1542 1984 1574 tunc

491 1605 577 1661 ipse
609 1603 728 1647 debet
770 1604 941 1647 eosdem
973 1603 1158 1647 florenos
1191 1605 1314 1646 etiam
1349 1604 1509 1646 solvere
1546 1605 1733 1646 Antonio
1775 1603 1983 1660 suppario.

494 1675 648 1727 Restat,
681 1675 791 1732 quod
813 1675 1018 1718 Iohannes
1051 1675 1165 1718 Bank
1200 1675 1376 1718 finaliter
1399 1686 1562 1718 tenetur
1586 1676 1769 1718 Antonio
1792 1675 1985 1732 suppario

492 1759 576 1801 702
611 1761 769 1788 marcas
801 1762 1047 1803 grossorum
1082 1756 1217 1803 preter
1245 1746 1450 1802 predictos
1476 1759 1558 1801 920
1580 1737 1765 1788 florenos
1787 1756 1826 1788 et
1851 1756 1985 1802 preter

491 1815 665 1858 domum
699 1816 994 1859 restituendam
1042 1827 1081 1858 et
1127 1831 1191 1858 res
1232 1816 1482 1859 domesticas
1527 1815 1792 1873 supradictas.
1827 1815 1986 1859 Totam

491 1902 591 1943 ergo
625 1888 727 1930 hanc
762 1889 981 1945 pecuniam
1015 1898 1054 1930 et
1087 1903 1300 1930 summam
1332 1887 1591 1931 florenorum
1628 1887 1749 1931 debet
1780 1887 1986 1930 Iohannes

492 1959 605 2001 Bank
638 1959 687 2002 ad
721 1961 859 2002 statim
895 1970 1052 2002 certam
1081 1959 1213 2002 facere
1235 1960 1421 2002 Antonio
1454 1960 1648 2017 suppario
1680 1974 1752 2016 per
1778 1958 1988 2002 sufficien-
2030 1991 2034 1995 -

491 2041 576 2072 tem
603 2029 907 2073 fideiussoriam
930 2032 1169 2073 cautionem
1193 2042 1232 2073 ct
1253 2029 1374 2073 debet
1394 2032 1430 2073 ei
1457 2031 1619 2074 solvere
1640 2031 1807 2074 tertiam
1828 2041 1988 2088 partem

491 2102 678 2145 eiusdem
711 2101 837 2145 debiti
871 2103 920 2146 ad
954 2102 1108 2145 festum
1138 2103 1378 2146 Nativitatis
1418 2103 1550 2146 Marie
1593 2118 1704 2145 nunc
1746 2103 1986 2160 proximum

492 2184 530 2215 et
558 2174 721 2216 tertiam
756 2186 915 2231 partem
949 2173 998 2217 ad
1033 2174 1183 2218 festum
1211 2185 1351 2217 sancte
1383 2173 1607 2231 Elyzabeth
1640 2176 1764 2217 etiam
1800 2190 1849 2217 ex
1877 2189 1987 2216 nunc

492 2245 732 2301 proximum
767 2256 806 2288 et
837 2246 1040 2303 reliquam
1074 2246 1238 2288 tertiam
1270 2256 1428 2303 partem
1462 2245 1510 2289 ad
1552 2246 1699 2288 Letare
1731 2246 1987 2303 proximum.

582 2315 647 2359 Ad
682 2316 963 2360 roborandam
996 2329 1134 2360 autem
1169 2328 1301 2360 totam
1334 2317 1438 2360 hanc
1471 2328 1659 2360 nostram
1686 2316 1989 2375 pronuntiatio-

493 2402 590 2429 nem
623 2387 826 2430 vallamus
847 2404 940 2431 eam
963 2404 1063 2446 pena
1091 2401 1204 2441 4000
1232 2388 1491 2432 florenorum
1519 2388 1639 2432 nobis
1665 2404 1741 2446 pro
1768 2388 1989 2432 medietate

495 2458 692 2501 solvenda
726 2475 747 2502 a
780 2460 1100 2503 contrafaciente
1134 2470 1173 2502 et
1205 2475 1280 2517 pro
1312 2460 1389 2503 alia
1424 2459 1642 2503 medietate
1665 2461 1767 2517 parti
1794 2459 1988 2502 servanti.

580 2530 805 2588 Hucusque
837 2542 898 2573 est
931 2542 1051 2573 tenor
1084 2542 1124 2573 et
1156 2531 1374 2588 explicatio
1407 2531 1757 2588 pronuntiationis
1778 2546 1850 2588 per
1883 2529 1992 2573 arbi-

493 2611 579 2643 tros
613 2603 868 2658 supradictos
895 2614 933 2645 et
966 2602 1044 2645 hoc
1078 2612 1278 2659 quantum
1300 2601 1349 2645 ad
1376 2603 1464 2645 vim
1491 2618 1637 2646 sensus
1660 2613 1699 2645 et
1723 2617 1865 2645 rerum
1886 2617 1992 2659 pon-

492 2669 588 2713 dera
620 2683 660 2714 et
681 2673 888 2729 vigorem.
912 2673 1029 2715 Hanc
1063 2673 1190 2729 igitur
1212 2673 1560 2729 pronuntiationis
1594 2673 1842 2716 sententiam
1869 2671 1992 2715 ambe

491 2753 624 2798 partes
657 2743 838 2799 predicte
870 2743 987 2801 plena
1021 2743 1303 2800 emulgatione
1336 2754 1666 2800 acceptaverunt,
1701 2754 1741 2786 et
1771 2743 1991 2800 presertim

493 2812 697 2855 Iohannes
741 2814 869 2867 Banl<‚
911 2830 1009 2856 cum
1041 2814 1123 2856 iam
1159 2813 1261 2856 liber
1299 2825 1408 2856 esset
1439 2825 1479 2857 et
1510 2813 1559 2857 ab
1593 2815 1710 2857 omni
1742 2814 1992 2871 captivitatis

494 2894 533 2925 et
559 2881 819 2927 fideiussorie
841 2885 1092 2928 astrictionis
1114 2885 1284 2928 vinculo
1306 2884 1519 2928 absolutus
1541 2885 1668 2928 libere
1691 2900 1737 2928 ac
1759 2885 1994 2928 voluntarie
