2201 3554
1140 302 1374 344 „94—

602 410 669 446 88.
707 403 899 445 Iohannes
938 409 1003 457 pp.
1050 400 1207 442 XXIII
1243 400 1440 450 Conrado,
1482 401 1625 442 decano
1671 399 2003 452 IVralislaviensi‚

513 475 691 526 mandat,
710 483 899 531 qnatenus
918 472 1174 514 Franciscum
1204 471 1348 523 Floser,
1375 473 1606 514 sanonicum
1634 470 2008 524 Wran'slaviensem,

511 561 641 589 omncs
669 545 928 602 pecuniarum
962 556 1152 595 stammas,
1178 550 1248 599 per
1281 544 1405 599 ipsum
1427 550 1511 599 pust
1538 541 1683 584 obitum
1711 541 1918 584 collectoris
1945 556 2009 584 ca—

513 631 653 668 merac,
696 616 858 670 Mazztri
890 614 933 656 de
967 613 1200 666 Lttmltertzk,
1238 621 1416 670 receptas,
1448 614 1500 655 ad
1531 613 1817 670 assignandum
1852 611 2008 655 Albicio

516 688 673 731 Calenti
705 687 748 729 de
781 685 963 737 Medicis,
996 685 1150 726 nmine
1182 698 1356 726 [almerae
1389 685 1600 740 recipienti,
1632 691 1755 740 cogat.

1226 802 1441 854 Bononiae,
1474 804 1527 843 23
1562 800 1794 858 Septembris
1823 814 1948 856 1415.

604 900 778 941 Ioannes
812 908 887 939 etc.
923 896 1087 938 Dilecto
1120 895 1207 938 filio
1242 895 1453 947 Conrado,
1491 895 1648 938 decano
1681 895 1719 936 V
1724 893 2009 946 ratislaviensi‚

515 970 690 1012 salutem
733 980 808 1011 etc.
849 966 1019 1009 Dudum
1059 982 1155 1008 cum
1199 966 1408 1022 quondam
1455 966 1641 1008 Matzeus
1678 965 1728 1008 de
1761 963 2010 1016 Lambertis,

515 1040 828 1084 archidiaconus
861 1038 1214 1090 vratislaviensis,
1246 1038 1315 1094 qui
1360 1052 1431 1094 per
1474 1037 1601 1079 multa
1636 1047 1824 1092 tempora
1856 1035 2008 1078 iurium

515 1123 554 1154 et
585 1122 866 1168 proventuum
901 1109 1125 1166 apostolice
1159 1123 1321 1150 camere
1353 1109 1394 1150 in
1418 1123 1547 1164 regno
1575 1107 1749 1150 Polonie
1774 1105 2011 1149 debitorum

516 1181 712 1224 collector
745 1180 945 1231 extiterat,
979 1194 1024 1221 ac
1058 1179 1210 1220 multas
1243 1177 1537 1235 peccuniarum
1572 1192 1760 1219 summas
1793 1191 1838 1218 ac
1878 1191 1941 1219 res
1974 1186 2013 1218 et

516 1252 623 1295 bona
656 1251 705 1294 ad
739 1249 912 1294 eandem
955 1265 1163 1292 cameram
1210 1249 1455 1306 pertinentia
1502 1260 1750 1306 perceperat,
1782 1247 1832 1290 de
1864 1247 2012 1304 quibus

516 1323 627 1365 nulla
646 1320 802 1365 reddita
829 1322 1009 1373 racione,
1028 1318 1112 1371 sed,
1138 1331 1180 1362 ut
1202 1319 1428 1372 dicebatur,
1456 1330 1565 1362 certa
1591 1319 1850 1376 depositione
1872 1333 2012 1362 rerum

517 1393 566 1436 ad
585 1409 627 1435 se
651 1393 926 1450 spectantium
960 1391 1078 1443 facta,
1111 1392 1216 1433 sicut
1250 1391 1438 1433 Domino
1465 1391 1630 1448 placuit,
1662 1390 1713 1433 de
1745 1391 1925 1447 presenti
1950 1405 2014 1432 se—

517 1463 612 1506 culo
644 1462 901 1514 decessisset,
934 1477 1011 1504 nos
1043 1460 1194 1504 dilecto
1226 1461 1314 1522 filio
1349 1461 1570 1503 Francisco
1616 1461 1774 1514 Floser,
1813 1461 2014 1503 canonico

519 1534 850 1585 Vratislaviensi,
870 1532 1013 1575 eadem
1039 1532 1146 1574 bona
1172 1543 1211 1574 et
1232 1547 1296 1574 res
1320 1531 1368 1574 ad
1395 1531 1554 1574 dictum
1573 1531 1784 1588 quondam
1803 1531 2015 1574 Matzeum

519 1606 755 1662 spectantia,
803 1621 824 1647 a
860 1604 1192 1662 quibuscumque
1236 1603 1518 1646 detentoribus
1562 1604 1790 1646 eorundem
1836 1602 2014 1660 petendi,

519 1676 708 1734 exigendi
741 1688 780 1719 et
814 1675 1048 1733 recipiendi,
1082 1677 1206 1718 etiam
1240 1677 1275 1717 si
1308 1690 1379 1732 per
1412 1675 1563 1718 multas
1591 1691 1739 1718 manus
1765 1675 2015 1726 transierint,

519 1762 564 1789 ac
597 1763 642 1789 ea
675 1745 885 1789 detinendi
918 1757 957 1789 et
990 1745 1278 1799 conservandi,
1306 1745 1575 1802 quoadusque
1597 1745 1646 1788 de
1670 1746 1844 1802 receptis
1863 1760 1936 1802 per
1955 1744 2016 1788 di-

519 1829 633 1860 ctum
668 1819 877 1860 Matzeum
911 1829 949 1859 et
981 1817 1178 1873 expositis
1205 1828 1314 1859 esset
1335 1815 1528 1873 gentibus
1561 1815 1668 1858 dicte
1695 1831 1858 1858 camere
1884 1814 2016 1859 fidelis

519 1888 724 1931 exhibitus
744 1899 964 1945 computus
983 1899 1022 1929 et
1039 1886 1173 1930 debite
1196 1886 1459 1944 approbatus,
1478 1901 1548 1944 per
1566 1898 1725 1929 nostras
1743 1887 1843 1930 certi
1861 1887 2016 1929 tenoris

519 1962 674 2004 litteras
707 1960 1021 2002 commissimus
1055 1957 1268 2015 exigenda,
1292 1969 1331 2000 et
1359 1958 1592 2000 successive
1619 1958 1831 2000 voluimus
1858 1957 2017 2015 sibique

520 2031 826 2082 mandavimus,
858 2040 1059 2087 quatenus
1082 2044 1231 2071 omnes
1249 2042 1288 2072 et
1306 2028 1488 2085 singulas
1513 2029 1805 2085 peccuniarum
1829 2042 2018 2071 summas

521 2113 560 2144 et
594 2117 732 2144 rerum
765 2101 1025 2158 quantitates,
1058 2115 1158 2157 quas
1191 2115 1241 2142 ex
1272 2100 1452 2156 predicta
1484 2114 1605 2141 causa
1638 2100 1895 2157 contingeret
1921 2113 2018 2142 eum

522 2175 717 2230 recipere,
750 2172 901 2215 dilecto
934 2171 1022 2214 filio
1066 2171 1213 2214 Albizo
1247 2170 1409 2214 Calenti
1449 2170 1499 2213 de
1542 2169 1717 2213 Medicis
1761 2169 1940 2213 traderet
1980 2180 2020 2213 et

524 2245 684 2287 realiter
717 2245 959 2301 assignaret,
993 2242 1127 2285 eidem
1166 2241 1314 2285 Albi'zo
1353 2241 1561 2300 quictandi
1605 2253 1644 2284 et
1687 2240 1929 2284 absolvendi
1970 2239 2020 2284 de

522 2316 696 2372 receptis
729 2315 943 2358 dumtaxat
975 2314 1092 2371 plena
1126 2328 1197 2370 per
1224 2329 1300 2356 nos
1328 2324 1528 2370 potestate
1562 2328 1772 2365 concessa,
1804 2323 1848 2355 ut
1880 2313 1922 2354 in
1943 2327 2021 2354 no-

524 2388 618 2429 stris
647 2387 792 2429 littcris
819 2385 912 2428 inde
940 2385 1139 2428 confectis
1157 2385 1317 2441 plenius
1336 2385 1584 2426 continetur.
1607 2384 1718 2427 Cum
1742 2394 1898 2437 autem,
1915 2383 2022 2425 sicut

523 2459 778 2515 accepimus,
805 2456 937 2499 dictus
973 2457 1216 2499 Franciscus
1251 2456 1395 2498 Floser
1427 2455 1720 2512 peccuniarum
1761 2469 1950 2497 summas
1982 2463 2022 2496 et

524 2544 663 2572 rerum
686 2529 947 2585 quantitates,
973 2542 1043 2584 per
1066 2542 1162 2569 eum
1186 2542 1233 2569 ex
1257 2526 1332 2568 hac
1354 2541 1475 2569 causa
1499 2537 1696 2582 receptas,
1718 2524 1853 2568 eidem
1874 2523 2021 2568 Albizo

523 2601 683 2656 integre
715 2600 925 2656 assignare
958 2609 1132 2649 recuset,
1165 2598 1259 2640 licet
1291 2612 1356 2640 res
1389 2597 1545 2654 aliquas
1589 2596 1806 2639 tradidisse
1849 2595 2021 2649 dicatur,

523 2669 761 2713 discretioni
794 2681 862 2713 tue
895 2681 1039 2712 tenore
1073 2668 1328 2725 presentium
1362 2668 1678 2711 commictimus
1701 2678 1741 2710 et
1758 2665 2022 2719 mandamus,

523 2753 725 2798 quatenus
758 2740 935 2783 eundem
973 2741 1241 2782 Franciscum
1276 2739 1419 2782 Floser
1453 2754 1624 2782 moneas
1647 2750 1686 2780 et
1709 2753 1781 2795 per
1803 2753 2022 2782 censuram

525 2812 845 2855 ecclesiasticam
873 2823 911 2854 et
937 2812 1014 2853 alia
1042 2811 1140 2853 iuris
1164 2810 1345 2853 remedia
1362 2810 1605 2852 auctoritate
1624 2820 1765 2852 nostra
1783 2808 2024 2866 compellas,

526 2894 570 2925 ut
603 2881 786 2938 predicto
814 2881 960 2923 Albizo
987 2896 1135 2924 omnes
1168 2892 1207 2923 et
1239 2895 1504 2937 quascunque
1528 2881 1794 2937 pecuniarum
1822 2891 1862 2922 et
1883 2894 2024 2922 rerum
