2201 3554
827 312 883 316 ——
916 299 972 327 vn
1006 312 1059 315 —

201 397 370 440 societati
400 396 532 439 Iacolri
561 405 591 438 et
628 396 822 440 Guidonis
853 395 896 438 de
929 395 1172 453 Malabaylis
1197 395 1393 452 fratrum,
1427 403 1683 438 mercatorum

202 479 447 522 Astensium.
463 487 474 505 ¹

377 559 424 619 b)
461 561 718 615 1360-1362
757 560 963 602 dimidiam
997 567 1148 617 partem
1189 560 1327 602 eisdem
1369 559 1612 616 Matahaytis
1653 566 1685 602 et

199 643 406 685 dimidiam
455 644 625 685 societati
670 642 918 685 Altwrtormn
968 642 1237 699 Antiquorum
1286 649 1542 684 uu’rcatorum
1597 640 1687 682 Flo-

204 726 361 768 rentiae.
381 734 394 751 ²

379 808 422 866 c)
458 810 712 862 1562-1371
749 807 987 850 solummodo
1019 808 1130 850 dictis
1166 807 1375 850 All7ertis.³

290 891 429 934 Petrus
476 891 662 948 Stephani
712 891 969 945 1372-1376
1017 891 1132 932 etiam
1177 890 1297 932 eidem
1334 891 1506 933 societati
1548 889 1690 933 Ather-

204 981 345 1016 torum.
363 983 378 1006 ⁴

290 1055 481 1114 Angelus,
517 1057 706 1114 episcopus
742 1055 1004 1108 Castellanus,
1037 1055 1253 1112 Stephanus
1275 1056 1319 1099 de
1349 1055 1558 1108 Carraria,
1586 1055 1688 1113 Bav-

202 1139 382 1183 lardinus
403 1139 448 1182 de
479 1139 644 1190 Verona,
671 1139 964 1195 Doltrogostius,
996 1141 1186 1196 episcopus
1218 1140 1509 1191 Posnaniensis,
1543 1154 1687 1182 necnon

203 1223 363 1266 Iacobus
394 1224 438 1266 de
472 1223 670 1267 Guidottis
705 1224 962 1278 1387—1395
997 1222 1192 1280 deponunt
1219 1223 1420 1280 pecunias,
1452 1223 1491 1265 in
1522 1222 1688 1265 Polonia

202 1313 377 1362 receptas,
412 1305 518 1362 apud
552 1304 893 1347 Bartholomaemn
935 1303 1096 1355 Turclu',
1139 1304 1324 1346 Lanct'um
1359 1304 1402 1346 de
1435 1304 1689 1347 Morconibus

199 1403 403 1446 eorumque
435 1389 563 1439 socios,
595 1395 819 1430 mercatores
852 1387 1043 1431 Lucanos.

290 1470 541 1529 Sequentibus
577 1479 707 1513 autem
740 1471 856 1513 annis
889 1471 931 1513 in
963 1469 1178 1526 defi’reudis
1216 1472 1393 1528 pecuniis
1425 1470 1589 1514 collectis
1620 1479 1690 1513 aut

201 1555 362 1597 annatis
383 1562 414 1596 et
432 1554 598 1596 servitiis
623 1553 893 1596 couuuunilms
919 1553 1229 1596 transmittendis
1262 1554 1539 1597 intercessionis
1559 1561 1692 1611 partes

201 1637 412 1693 suscipiunt
448 1644 672 1679 mercatores
698 1635 935 1689 Florentini‚
968 1644 1007 1678 ut
1042 1636 1149 1692 Doffi
1188 1636 1232 1678 de
1273 1637 1421 1693 Spinis,
1462 1636 1691 1678 Benedictus

201 1726 233 1761 et
267 1718 458 1761 Hilarius
495 1718 539 1760 de
573 1718 729 1770 Bardis,
771 1717 1009 1761 Laurentius
1050 1719 1094 1761 de
1139 1718 1327 1771 Albertis,
1371 1719 1616 1762 Adonai-dus
1647 1718 1691 1761 de

205 1801 323 1846 Riciis
355 1810 388 1843 et
419 1800 505 1852 alii,
536 1801 604 1858 qui
635 1816 764 1844 omnes
795 1802 967 1844 societati
999 1802 1251 1844 mercatoriae
1283 1801 1475 1844 Iohannis
1513 1801 1557 1844 de
1601 1801 1691 1843 Me-

302 1938 310 1956 ¹
339 1930 505 1972 Theiner‚
542 1931 773 1965 Monumenta
812 1931 992 1973 poloniae,
1019 1931 1046 1973 Ι,
1076 1943 1107 1977 p.
1134 1941 1215 1976 472,
1252 1943 1304 1965 nr.
1333 1930 1412 1975 609,
1439 1930 1519 1972 610,
1553 1943 1583 1977 p.
1616 1930 1692 1974 516,

204 2001 234 2036 p.
254 1989 330 2034 516,
347 2002 399 2024 nr.
419 1988 498 2035 674,
517 1989 596 2034 675,
624 1991 728 2024 Arch.
749 1990 827 2024 Vat.
846 1990 992 2025 Collect.
1024 1991 1099 2035 384,
1126 1990 1146 2024 f.
1174 1989 1266 2035 176⁸:
1296 1990 1386 2024 Inter
1403 1992 1505 2025 socios
1531 1995 1560 2024 et
1587 1990 1691 2025 facto-

205 2060 260 2084 res
286 2049 552 2095 Malabaylorum
581 2049 705 2095 Brugis
735 2051 950 2084 inveniuntur
976 2050 1152 2084 Arnaldus
1177 2050 1318 2092 Moruti,
1345 2049 1527 2084 Conradus
1546 2050 1588 2084 de
1612 2050 1691 2084 Val-

206 2109 360 2150 lescaria,
385 2108 587 2143 Obertonus
613 2109 655 2142 de
680 2109 800 2150 Plana,
826 2108 981 2155 Raphael
1009 2109 1185 2151 Damiani,
1211 2121 1320 2143 omues
1348 2109 1510 2143 Astenses.

300 2174 314 2192 2
339 2167 424 2213 Reg.
447 2167 526 2202 Vat.
555 2177 633 2209 240,
662 2166 684 2201 f.
717 2167 769 2212 38,
796 2179 874 2213 pars
901 2167 942 2201 ΙΙ.

300 2233 316 2257 3
341 2227 446 2261 Arch.
474 2226 554 2261 Vat.
581 2227 664 2262 Intr.
692 2235 725 2261 et
747 2228 828 2262 exit.
859 2226 934 2271 316,
962 2226 981 2261 f.
1014 2227 1083 2269 18v‚
1111 2225 1130 2261 f.
1162 2236 1302 2270 3ov-51,
1328 2238 1404 2272 322,
1436 2227 1456 2262 f.
1487 2236 1581 2272 3-3v,
1611 2226 1693 2261 Col-

206 2287 283 2322 lect.
310 2297 386 2331 353,
413 2285 434 2320 f.
459 2296 630 2331 223-224.
660 2285 714 2332 Cf.
740 2288 837 2320 etiam
864 2286 958 2321 Gino
985 2287 1098 2329 Arias,
1124 2286 1188 2321 Per
1215 2287 1247 2321 la
1274 2288 1379 2322 storia
1406 2287 1610 2321 economica
1637 2287 1691 2320 del

207 2347 323 2381 secolo
340 2356 416 2388 xiv,
436 2346 604 2380 Archivio
630 2346 719 2380 della
734 2346 870 2380 Societz't
889 2346 1049 2380 Romana
1071 2347 1103 2380 di
1126 2347 1233 2380 storia
1255 2347 1364 2392 patria
1391 2358 1421 2380 a.
1444 2356 1544 2392 1905,
1562 2359 1592 2392 p.
1617 2355 1691 2390 331.

208 2405 354 2439 Albertis
373 2404 528 2451 Antiquis
548 2404 854 2438 adnumerabantur
872 2404 930 2439 hoc
949 2409 1088 2452 tempore
1109 2404 1275 2439 Nicolaus
1302 2405 1415 2440 Iacobi
1434 2413 1468 2440 et
1488 2405 1693 2440 Benedictus

208 2464 347 2499 Nerocii
373 2465 416 2499 de
442 2465 594 2499 Albertis
619 2465 794 2511 Anfiquis,
820 2465 982 2499 Ferocius
1007 2464 1158 2505 Corsini,
1180 2465 1384 2499 Laurentius
1403 2464 1573 2506 Fruosini,
1591 2464 1693 2498 Lam-

207 2525 323 2559 bertus
349 2524 622 2570 Lambertesqui,
648 2524 792 2558 Iacobus
817 2524 860 2559 de
886 2524 1081 2562 Bernardis,
1112 2524 1277 2559 Nicolaus
1306 2525 1348 2558 de
1375 2524 1528 2559 Perussis
1562 2527 1594 2558 et
1623 2524 1692 2557 alii.

210 2583 260 2617 De
286 2583 432 2617 Altvertis
460 2587 579 2617 tractat
602 2584 786 2625 Passerini,
812 2583 869 2617 Gli
896 2584 1030 2618 Alberti
1057 2584 1091 2618 di
1118 2583 1270 2618 Firenze.

300 2649 315 2673 4
343 2642 536 2676 Occurrunt
567 2642 658 2676 uobis
682 2643 880 2685 «factores»
909 2642 1014 2676 dictae
1039 2644 1218 2677 societatis:
1246 2642 1423 2688 Philippus
1450 2642 1492 2676 de
1520 2642 1694 2684 Massiliis,

210 2701 352 2736 Iacobus
371 2701 527 2743 Vannus,
550 2701 671 2736 Petrus
693 2702 821 2736 Bartoli
849 2713 970 2736 necnon
1001 2702 1197 2748 principalis
1225 2701 1366 2735 eiusdem
1393 2701 1600 2736 Benedictus
1625 2701 1694 2735 Ne-

207 2760 290 2794 rocii
317 2764 348 2794 et
373 2765 606 2806 procuratores
639 2761 786 2794 aliarum
820 2761 1020 2801 societatum,
1058 2760 1178 2794 scilicet
1204 2760 1406 2795 Franciscus
1437 2761 1479 2794 de
1512 2759 1694 2794 Gervardo

209 2819 252 2854 de
285 2819 451 2854 societate
484 2819 614 2854 Donati
646 2819 819 2854 Guidonis
861 2827 894 2853 et
921 2818 1083 2854 Mafionis
1118 2820 1195 2854 Loti
1228 2820 1270 2854 de
1306 2819 1494 2861 Florentia,
1528 2819 1694 2854 Nicolaus

207 2878 376 2920 Pankoni‚
402 2886 577 2913 mercator
602 2879 644 2913 de
670 2879 836 2913 societate
861 2877 942 2913 Veri
971 2878 1106 2913 Cambii
1135 2878 1177 2913 de
1202 2879 1390 2913 Florentia.
