2201 3554
1130 294 1364 350 —38-

509 414 613 455 sicut
641 413 725 468 ipse
758 409 879 460 dixit3
914 420 952 451 et
985 409 1019 451 si
1052 409 1137 465 ipse
1170 408 1248 450 hoc
1284 407 1436 457 fecerit,
1464 416 1560 448 tunc
1587 404 1663 447 erit
1695 403 1797 446 liber
1827 403 1878 446 de
1909 402 1990 445 hoc

508 484 636 534 lucro,
663 496 746 538 quo
779 479 826 522 ad
859 478 1061 522 iudicium
1094 478 1340 520 humanum.

596 554 714 595 Sexta
748 563 786 595 et
818 551 962 593 ultima
990 549 1065 592 fuit
1093 550 1321 607 propositio
1348 548 1520 591 Antonii
1548 547 1726 604 supparii
1753 556 1895 588 contra
1927 545 1994 588 Io-

508 625 685 667 hannem
712 623 822 665 Bank
842 637 916 679 pro
941 634 1047 676 1174
1067 621 1217 662 marcis
1235 635 1478 677 grossorum
1498 619 1656 660 ratione
1679 618 1774 660 salis
1791 628 1830 659 et
1847 614 1992 668 boum,

509 710 612 752 quos
645 695 730 751 ipse
763 691 895 735 eidem
938 691 1111 734 Iohanni
1153 691 1267 733 Bank
1302 691 1504 740 misisset3
1547 689 1612 731 hic
1646 688 1889 745 recognovit
1929 686 1996 729 Io-

510 766 663 807 hannes
698 764 811 806 Bank
853 776 957 805 1100
992 777 1151 805 marcas
1183 777 1332 819 gross,
1376 759 1558 803 residuas
1591 775 1691 802 vero
1734 772 1791 815 74
1834 772 1995 801 marcas

509 835 608 878 dixit
634 851 676 877 se
708 835 946 892 exposuisse
979 847 1054 890 pro
1076 832 1247 875 utilitate
1278 831 1375 875 dicti
1397 831 1584 874 Antonii.
1609 827 1850 873 Decidendo
1872 828 1997 886 igitur

509 905 752 959 diffinimus,
796 904 904 962 quod
948 904 1152 947 Iohannes
1185 903 1299 945 Bank
1332 901 1450 946 debet
1483 902 1645 944 solvere
1678 901 1865 944 Antonio
1901 915 1998 957 sup-

511 979 623 1035 pario
662 990 769 1019 1100
803 991 962 1018 marcas
995 990 1142 1032 gross.‚
1175 989 1276 1031 quas
1303 975 1339 1016 ei
1372 974 1617 1030 recognovit
1644 982 1683 1015 et
1715 987 1790 1029 pro
1823 969 1998 1014 residuis

509 1049 627 1092 debet
658 1049 695 1091 ei
728 1049 874 1099 iurare,
907 1046 1016 1105 quod
1044 1061 1111 1089 eas
1144 1046 1379 1103 exposuerit
1420 1046 1462 1087 in
1494 1044 1712 1086 utilitatem
1751 1043 1880 1100 ipsius
1911 1042 1999 1084 An-

509 1121 631 1171 tonii;
665 1121 698 1162 si
732 1119 810 1161 hoc
838 1118 991 1170 fecerit,
1025 1116 1127 1160 liber
1154 1117 1243 1169 erit,
1271 1116 1388 1159 aliter
1416 1130 1515 1158 vero
1542 1130 1641 1158 non.

598 1192 667 1234 Ex
699 1190 931 1233 adverso
964 1203 1094 1231 vero
1127 1187 1558 1245 propositiones
1585 1197 1634 1229 et
1665 1185 1891 1242 querele
1922 1184 2001 1227 Io-

511 1263 705 1305 hannis
740 1260 878 1304 Bank
898 1295 908 1311 ,
944 1275 1044 1317 quas
1071 1257 1222 1301 obiecit
1254 1269 1396 1300 contra
1423 1258 1655 1300 Antonium
1691 1256 1930 1314 supparium
1953 1270 2000 1298 ac

509 1350 650 1377 earum
678 1347 748 1390 per
781 1347 857 1375 nos
883 1331 1113 1374 decisiones
1146 1340 1272 1372 sunt
1304 1331 1434 1380 iste,
1467 1345 1567 1386 que
1600 1338 1895 1371 secuntur:

599 1406 629 1447 P
645 1405 778 1447 rima
801 1404 887 1446 eius
913 1402 1234 1460 propositio
1268 1400 1343 1443 fuit
1366 1415 1441 1458 pro
1467 1413 1549 1456 920
1572 1400 1757 1452 florenis,
1784 1413 1890 1457 quos
1913 1399 2001 1456 ipse

511 1489 585 1533 pro
613 1490 661 1517 eo
689 1475 880 1517 solvisset
913 1472 1105 1515 Michaeli
1148 1471 1262 1514 fratri
1295 1472 1382 1514 eius
1414 1471 1617 1522 Venetiis,
1650 1470 1808 1513 ratione
1850 1467 2002 1512 cambii

510 1545 730 1589 duodecies
753 1556 919 1588 centum
948 1543 1202 1600 septuaginta
1229 1542 1509 1594 florenorum,
1532 1540 1581 1584 ad
1613 1540 1724 1598 quod
1746 1537 2002 1597 respondens

511 1618 718 1660 Antonius
751 1617 963 1673 supparius
995 1614 1117 1657 dixit:
1152 1614 1216 1656 De
1244 1613 1484 1655 huiusmodi
1516 1612 1722 1655 solutione
1758 1611 1885 1654 michi
1917 1625 2004 1653 non

512 1700 684 1741 constat,
703 1704 864 1740 verum,
898 1688 931 1729 si
959 1686 1081 1729 frater
1114 1701 1232 1728 meus
1266 1685 1541 1741 recognoscit,
1575 1681 1686 1740 quod
1709 1684 1796 1740 ipse
1822 1681 2004 1740 percepit

511 1760 642 1803 dictos
674 1759 857 1802 florenos
889 1773 937 1800 ex
964 1768 1076 1814 parte
1110 1771 1215 1808 mea,
1248 1755 1345 1798 volo
1379 1770 1450 1797 eos
1484 1753 1657 1796 libenter
1691 1753 1866 1796 solvere.
1901 1751 2004 1796 Sen-

512 1832 731 1874 tentiamus
765 1831 902 1887 igitur,
935 1828 1046 1885 quod
1079 1827 1284 1870 Iohannes
1318 1825 1432 1868 Bank
1465 1824 1585 1868 debet
1617 1835 1782 1882 portare
1813 1823 2005 1880 recogni-

511 1904 667 1945 tionem
695 1902 745 1945 de
778 1901 979 1953 venetiis,
1004 1900 1036 1941 si
1060 1899 1223 1956 poterit,
1250 1897 1361 1956 quod
1394 1898 1480 1954 ipse
1504 1897 1629 1939 solvit
1659 1895 1792 1939 dictos
1819 1894 2004 1938 florenos

512 1990 586 2031 pro
613 1974 798 2016 Antonio
832 1973 1038 2029 suppario,
1072 1971 1268 2027 alioquin,
1311 1970 1343 2012 si
1386 1984 1471 2011 non
1504 1968 1732 2025 portaverit
1752 1965 2003 2010 documenta

514 2060 633 2102 super
660 2044 752 2097 hoc,
779 2059 858 2100 que
891 2041 1108 2093 sufficient,
1141 2040 1265 2083 nichil
1299 2037 1504 2082 tenebitur
1537 2039 1573 2081 ei
1605 2037 1814 2081 Antonius
1841 2036 2004 2080 solvere

513 2116 563 2159 de
589 2115 794 2173 predictis.

603 2187 726 2229 Alia
768 2185 1015 2228 obiectio
1054 2183 1130 2227 fuit
1161 2182 1211 2226 de
1237 2181 1399 2225 duobus
1432 2181 1599 2224 milibus
1633 2181 1827 2224 trecentis
1859 2190 2002 2223 octua-

515 2260 626 2316 ginta
658 2258 827 2300 florenis
859 2269 898 2299 et
936 2270 983 2312 17
1018 2255 1188 2313 grossis,
1221 2269 1325 2311 quos
1358 2254 1567 2296 Antonius
1586 2252 1800 2310 supparius
1832 2252 1868 2294 ei
1890 2262 2004 2294 tene-

515 2341 625 2373 retur
658 2344 731 2386 pro
764 2342 874 2385 7241
906 2328 1029 2370 nettis
1071 2325 1121 2369 de
1164 2326 1278 2368 vario
1319 2325 1416 2367 alias
1465 2323 1799 2367 schonwerk
1846 2333 1886 2365 et
1926 2337 2003 2380 pro

518 2403 626 2458 2673
656 2401 820 2443 talentis
846 2399 896 2443 de
919 2398 1093 2441 cremesi
1117 2398 1214 2440 alias
1242 2397 1515 2448 czirwicz,
1542 2411 1643 2454 quas
1662 2410 1726 2438 res
1749 2410 1821 2438 seu
1843 2409 2003 2438 merces

516 2471 695 2514 Michael
728 2471 924 2514 Iohannis
958 2469 1079 2513 frater
1111 2469 1239 2526 ipsius
1271 2468 1443 2510 Antonii
1476 2467 1724 2524 suscepisset
1745 2467 1933 2510 Venetiis
1953 2481 2004 2508 ex

517 2554 628 2600 parte
660 2543 787 2600 ipsius
815 2542 988 2585 Antonii
1014 2551 1054 2583 et
1075 2538 1267 2597 produxit
1298 2538 1348 2582 de
1381 2538 1459 2581 hoc
1492 2537 1630 2581 debito
1662 2537 1871 2596 quandam
1895 2537 2004 2580 litte-

517 2629 604 2657 ram
638 2613 832 2664 italicam,
855 2626 1055 2663 asserem,
1089 2625 1181 2654 earn
1207 2625 1296 2653 esse
1323 2609 1373 2652 de
1405 2625 1532 2652 manu
1559 2609 1688 2666 ipsius
1711 2609 1886 2651 Antonii
1908 2623 2004 2666 sup-

516 2685 629 2742 parii.
662 2683 727 2726 Ad
753 2682 864 2741 quod
896 2681 1150 2740 respondens
1182 2681 1406 2734 Antonius,
1438 2695 1533 2723 cum
1566 2679 1737 2722 vidisset
1762 2679 1916 2723 dictam
1938 2678 2007 2722 lit-

515 2766 661 2807 teram,
694 2752 820 2796 dixit:
855 2753 942 2795 Hec
969 2752 1102 2795 littera
1134 2766 1220 2794 non
1252 2762 1313 2793 est
1345 2750 1395 2793 de
1428 2765 1553 2792 manu
1587 2764 1679 2792 mea
1706 2760 1746 2792 et
1771 2763 1850 2807 ego
1877 2747 2005 2791 nichil

517 2836 660 2868 teneor
686 2826 722 2866 ei
748 2824 798 2867 de
818 2823 957 2867 debito
978 2821 1176 2880 predicto,
1207 2822 1302 2878 quia
1330 2836 1478 2863 omnes
1510 2835 1574 2864 res
1598 2819 1777 2877 predicte
1802 2835 1886 2863 non
1910 2829 2006 2862 sunt

520 2910 626 2948 mee,
658 2909 732 2937 nec
765 2908 844 2951 ego
876 2895 990 2946 iussi,
1022 2890 1134 2950 quod
1167 2891 1289 2935 frater
1321 2905 1440 2933 meus
1463 2905 1530 2933 eas
1562 2902 1759 2948 tanquam
1791 2905 1905 2933 meas
1937 2895 2012 2932 su:
