2201 3554
1123 330 1351 372 *24-

493 448 585 475 rum
630 432 669 473 in
705 430 819 473 factis
851 428 1092 486 duniptaxat
1123 443 1273 486 zuppas
1306 425 1649 470 concernentibus
1689 442 1757 469 me
1789 426 1976 470 liberavit

492 503 711 557 gratiosius
745 512 781 543 et
815 500 982 552 exemit,
1010 499 1156 551 taliter,
1183 498 1293 556 quod
1321 513 1462 541 coram
1496 499 1594 554 ipsis
1624 499 1768 540 citatus
1802 497 1976 540 minime

494 571 749 629 respondebo
777 586 848 613 nec
883 570 1036 627 aliquas
1070 584 1194 626 penas
1227 569 1388 611 solvere
1413 567 1586 621 debebo,
1614 567 1684 610 sed
1717 578 1876 610 tantum
1906 582 1976 610 co-

494 658 579 686 ram
614 644 826 685 Maiestate
860 641 985 697 regali
1019 651 1087 683 ant
1119 641 1183 682 cui
1219 656 1285 682 me
1318 639 1547 697 specialiter
1579 639 1840 682 commiserit
1872 636 1978 681 iudi-

492 714 683 766 candum,
708 715 793 756 sive
821 714 937 755 cuius
963 711 1012 755 de
1036 713 1122 754 iure
1146 712 1343 764 intererit,
1361 710 1409 754 ad
1429 709 1588 753 obiecta
1615 709 1781 752 cuilibet
1806 723 1978 766 respon-

491 784 609 827 debo.
638 785 870 841 Zupparum
904 783 1026 825 etiam
1055 793 1093 824 et
1127 783 1208 824 mei
1241 782 1351 824 Petri
1384 780 1606 824 familiares
1639 795 1710 838 per
1736 779 1975 838 quempiam

492 870 575 897 non
608 853 811 896 debebunt
843 853 1024 904 iudicari,
1058 853 1136 895 nisi
1180 868 1249 910 per
1282 867 1349 894 me
1381 853 1519 909 ipsum
1552 862 1591 894 et
1623 851 1977 893 subcamerarium

494 927 601 968 iuxta
635 924 808 967 modum
843 924 891 966 ab
925 925 1093 981 antiquo
1127 923 1407 966 observatum.
1441 923 1606 965 Horum
1639 934 1716 964 etc.

586 1020 814 1053 Starodawne
845 1031 962 1065 prawa
994 1020 1050 1064 pol
1090 1030 1182 1065 pom.
1210 1019 1277 1052 vol.
1313 1017 1356 1060 X,
1388 1017 1607 1059 Ulanowski,
1629 1017 1720 1051 Libri
1748 1016 1978 1051 formularum

493 1079 558 1112 XV
586 1091 651 1113 sq„
679 1091 710 1125 p.
740 1078 867 1125 78-79‚
897 1091 947 1112 nr.
980 1088 1054 1121 154.

581 1188 649 1227 34.
676 1184 823 1228 Solulio
844 1185 992 1227 servitii
1012 1186 1228 1227 communis
1250 1185 1409 1241 episcopi
1439 1183 1492 1225 W
1492 1182 1772 1226 ratislaviensis
1798 1190 1867 1240 per
1894 1196 1979 1224 ma-

495 1271 567 1298 lms
598 1255 729 1299 Iacobi
760 1255 803 1298 de
836 1256 1087 1298 Paravesino.

1460 1328 1513 1371 29
1550 1313 1728 1358 Octobris
1762 1325 1888 1368 1421.

583 1398 725 1458 [Anno
764 1397 890 1457 1421]
923 1398 988 1441 die
1018 1412 1070 1453 29
1105 1398 1260 1440 mensis
1295 1396 1783 1442 Octobris—dominus
1815 1395 1981 1438 thesau-

495 1470 624 1512 rarius
657 1468 810 1521 habuit,
844 1469 1063 1525 recipiente
1103 1468 1277 1511 domino
1311 1467 1665 1510 Bartholomeo
1698 1466 1753 1510 de
1785 1464 1978 1519 Bardis,

495 1539 756 1597 deposstario,
781 1540 951 1582 nomine
977 1554 1139 1581 camere
1171 1539 1426 1596 apostolice‚¹
1457 1554 1528 1596 per
1555 1553 1702 1581 manus
1724 1537 1875 1580 nobilis
1901 1537 1980 1580 viri

496 1610 683 1654 Iacobi
719 1611 1000 1653 Parvisini
1033 1609 1081 1652 de
1115 1609 1456 1662 Mediolano,
1483 1597 1792 1652 ambassiatoris
1819 1607 1979 1651 domini

495 1682 601 1738 regis
629 1682 815 1733 polonie,
848 1681 1046 1723 solventis
1072 1695 1147 1737 pro
1179 1682 1394 1723 communi
1422 1681 1590 1723 servitio
1616 1680 1797 1738 episcopi
1824 1679 1981 1722 Wrati—

496 1753 709 1794 slaviensis
742 1752 784 1793 in
816 1766 988 1808 persona
1014 1750 1190 1803 domini,
1222 1749 1314 1792 flor.
1348 1751 1433 1793 auri
1465 1750 1515 1794 de
1549 1765 1709 1793 camera
1747 1763 1841 1807 500.

590 1835 694 1868 Arch.
723 1834 801 1867 Vat.
829 1834 912 1867 intr.
939 1841 972 1868 et
999 1833 1079 1867 exit.
1112 1843 1175 1879 399
1203 1832 1223 1866 s.
1256 1843 1306 1877 17.
1368 1820 1372 1824 ”

584 1943 890 1986 ⁶35.A11t0nins
921 1942 965 1984 de
1005 1942 1171 1984 Venetiis
1197 1942 1392 1999 prollzitlit
1419 1949 1554 1998 parere
1586 1942 1679 1984 iuri.

1227 2047 1450 2099 Gramine,
1489 2061 1541 2102 25
1576 2047 1732 2105 Aprilis
1766 2061 1892 2104 1422.

586 2131 900 2174 Antlionius
940 2131 979 2173 T
994 2130 1166 2173 hrono
1199 2128 1248 2172 de
1281 2107 1487 2172 XVenetiis
1519 2130 1712 2187 promisit
1736 2145 1878 2187 parere
1903 2130 1982 2173 iuri

497 2204 562 2246 hic
604 2205 643 2245 in
689 2203 891 2246 Cracovia
936 2201 984 2245 ad
1027 2201 1178 2245 festum
1220 2204 1349 2244 sancti
1386 2201 1522 2244 Iacobi
1563 2202 1752 2258 proxime
1794 2201 1980 2245 futurum

497 2274 727 2317 Iwasckoni
762 2272 983 2329 Sadoffsky
1015 2274 1173 2315 ratione
1206 2273 1229 2315 8
1275 2287 1573 2329 sexagenarum
1607 2272 1846 2315 communis
1890 2287 1984 2315 mo-

497 2356 603 2397 nete,
636 2346 668 2387 si
702 2355 740 2387 et
773 2345 814 2387 in
846 2355 1046 2400 quantum
1078 2343 1183 2386 infra
1215 2343 1371 2386 dictum
1406 2343 1587 2401 (tantum
1631 2343 1732 2401 soli)
1764 2359 1851 2386 non
1882 2358 1984 2387 con-

498 2416 728 2459 cordaverit
759 2415 823 2458 vel
857 2431 899 2457 se
931 2414 1218 2471 disbrigaverit
1250 2415 1337 2457 iure
1370 2416 1412 2457 in
1446 2415 1678 2457 Camenecz
1704 2429 1801 2457 cum
1832 2414 1981 2458 eodem

497 2486 768 2530 Iwascliltone
801 2486 1019 2529 occasione
1052 2484 1253 2528 dictarum
1288 2487 1310 2528 8
1346 2501 1656 2543 sexagenariam,
1684 2485 1759 2528 snb
1791 2487 1982 2529 cautione

496 2557 753 2600 fideiussoria
787 2557 1084 2614 presentialiter
1118 2556 1234 2599 facta.

592 2641 697 2675 Arch.
717 2641 867 2675 civitatis
885 2640 1089 2681 Cmcoviae,
1109 2640 1149 2673 Α.
1166 2640 1297 2674 consul.
1313 2640 1411 2674 Crac.
1431 2650 1650 2686 nxz-1449,
1669 2652 1700 2686 p.
1719 2640 1794 2685 183.
1811 2661 1854 2666 —
1873 2639 1981 2674 Nota-.-

498 2700 603 2733 Anno
630 2699 772 2733 Domini
799 2698 1045 2732 MCCCXXIH
1072 2698 1125 2732 die
1151 2698 1271 2744 quinta
1293 2698 1442 2732 crastina
1469 2707 1587 2733 sancte
1613 2699 1801 2734 Scolastice
1826 2699 1982 2745 supradi-

497 2766 571 2792 ctus
598 2758 754 2791 Thomas
781 2758 866 2791 alias
893 2757 1073 2791 Iwaschko
1100 2768 1159 2791 sua
1186 2757 1367 2791 voluntate
1394 2758 1595 2803 prorogavit
1622 2759 1776 2804 predicto
1798 2758 1982 2793 Anthonio

498 2817 699 2858 terminum,
726 2817 781 2862 qui
809 2828 921 2860 supra,
949 2827 1055 2862 usque
1082 2817 1122 2850 ad
1150 2817 1242 2850 diem
1269 2816 1379 2850 sancti
1405 2817 1567 2850 Stanislai
1594 2817 1743 2863 proximi
1769 2818 1811 2852 de
1837 2817 1942 2852 Maio.

596 2930 602 2947 ¹
633 2922 709 2956 MS.
737 2923 827 2957 dicte
852 2934 1001 2958 camere.
