2201 3554
738 346 971 388 —27—

116 447 192 490 etsi
223 445 436 490 effectibus
469 446 793 504 cognoverimus
825 446 866 488 in
899 446 1062 502 gremio
1105 445 1429 488 clementissime
1461 459 1602 501 super-

115 517 338 560 eminentie
359 527 495 559 vestre
520 515 644 559 fuisse
666 515 815 558 seculis
835 513 1030 558 omuibus
1048 515 1360 567 recommissos‚
1378 513 1604 557 vehemen-

116 588 274 630 tissime
306 598 446 630 nostra
474 602 570 645 erga
595 602 667 630 eos
699 586 918 629 affectione
945 597 1095 628 attenta
1123 587 1314 643 cogimur
1341 587 1486 628 iterato
1513 601 1604 642 pre-

116 656 231 701 cibus
249 669 288 700 et
305 656 672 715 supplicationibus
690 658 848 700 enixius
867 657 1183 700 commendatos
1202 656 1369 700 reddere
1387 657 1604 700 Serenitati

120 728 280 781 Vestre‚
303 743 427 786 quam
446 727 688 770 Altissimus
711 727 883 770 feliciter
905 739 944 770 et
962 729 1102 770 votive
1124 742 1370 770 conservare
1394 726 1603 784 dignetur:

117 799 183 842 cui
214 813 292 842 nos
323 810 363 842 et
389 799 500 841 cives
532 809 699 842 nostros
724 798 946 841 devotione
979 798 1308 855 singularissima
1335 797 1606 841 commenda-

118 885 225 913 mus.
260 870 416 913 Datum
451 869 658 912 florentie
690 869 755 912 die
792 884 810 925 5
846 870 1022 912 Ianuarii
1063 877 1212 925 1423.¹

212 952 421 995 florentiae,
447 953 616 986 Archivio
635 953 668 986 di
690 952 800 994 Stato,
822 952 994 998 Signoria,
1013 952 1155 986 Missive
1174 953 1201 986 1²
1220 952 1448 994 Cancellerh,
1463 964 1534 998 reg.
1554 962 1606 995 30,

119 1022 148 1046 c.
175 1011 232 1047 80.

206 1107 276 1149 40.
305 1104 454 1149 Solutio
475 1105 693 1148 communis
723 1105 871 1148 servitii
892 1106 1053 1163 episcopi
1077 1104 1344 1148 cracoviensis
1369 1112 1440 1162 per
1466 1119 1608 1147 manus

119 1175 253 1219 Iacobi
282 1176 327 1219 de
358 1176 614 1219 Paravesino.

1059 1249 1106 1278 ΙΙ
1146 1234 1356 1278 Februarii
1392 1249 1519 1291 1424.

209 1316 353 1377 [Anno
382 1331 505 1374 1424,
536 1318 602 1361 die
640 1333 684 1361 11
724 1320 880 1361 mensis
915 1318 1141 1377 Februarii]
1162 1327 1175 1344 ²
1211 1317 1364 1370 habuit,
1387 1319 1610 1375 recipiente

121 1388 456 1449 B[artholomeo]
473 1388 523 1432 de
541 1389 698 1442 Bardis‚
721 1389 986 1447 depositario‚
1010 1390 1180 1432 nomine
1207 1404 1367 1432 camere
1387 1389 1610 1446 apostolice

120 1475 142 1503 a
167 1458 396 1503 reverendo
429 1471 541 1517 patre
572 1460 747 1503 domino
781 1459 976 1517 Sbigneo,
1004 1462 1196 1518 episcopo
1224 1460 1508 1512 Cracoviensi,
1537 1474 1610 1516 pro

121 1531 432 1589 complemento
459 1531 677 1574 solutionis
710 1532 773 1574 sui
800 1533 1040 1575 communis
1072 1532 1227 1574 servitii
1260 1547 1330 1589 per
1363 1547 1511 1574 manus
1537 1531 1613 1573 do-

122 1603 228 1646 mini
259 1601 396 1646 Iacobi
428 1602 479 1646 de
511 1603 746 1646 Parvesinis
779 1602 870 1646 flor.
905 1604 991 1645 auri
1025 1601 1075 1646 de
1108 1618 1269 1646 camera
1307 1616 1401 1659 500.

217 1687 323 1721 Arch.
350 1686 430 1721 Vat.
457 1686 544 1721 Intr.
573 1694 607 1721 et
634 1687 715 1721 exit.
747 1687 813 1731 380
839 1686 859 1720 f.
891 1696 943 1731 30.

213 1797 282 1838 41.
317 1793 577 1836 Fideiussores
608 1793 743 1836 Italici
767 1802 840 1851 pro
873 1793 1078 1836 Leonardo
1104 1793 1256 1836 Italico.

865 1888 1090 1940 cracoviae,
1127 1902 1152 1943 5
1185 1889 1362 1946 Augusti
1396 1901 1522 1944 1424.

212 1972 414 2030 Magister
435 1971 654 2024 Iohannes,
673 1971 860 2015 medicus
882 1972 1046 2014 Italicus
1068 1982 1280 2025 uxoratus,
1297 1972 1366 2028 qui
1389 1982 1500 2014 tenet
1523 1985 1614 2014 sco-

123 2043 184 2087 las
216 2043 476 2086 medicorum
510 2053 549 2085 et
590 2042 800 2085 Lodvicus
833 2041 882 2085 de
917 2042 1124 2085 Florentia
1156 2042 1386 2099 zupparius,
1419 2041 1614 2085 Urbanus

123 2113 174 2158 de
200 2115 380 2158 Zenowa
407 2125 447 2156 et
479 2114 630 2170 Papius
655 2113 705 2156 de
734 2113 955 2166 Florentia,
983 2113 1125 2164 Italici,
1152 2112 1440 2156 fideiusserunt
1473 2113 1515 2155 in
1547 2128 1616 2154 so-

126 2183 256 2228 lidum
295 2200 370 2242 pro
401 2184 621 2227 Leonardo
663 2185 806 2227 Italico
848 2183 898 2227 de
941 2185 1174 2241 captivitate
1217 2182 1487 2226 dominorum
1535 2194 1616 2226 sta-

124 2267 240 2300 tuere
265 2271 361 2300 eum
388 2255 571 2299 dominis
599 2255 696 2298 feria
724 2255 901 2299 secunda
928 2256 1116 2313 proxima
1143 2255 1207 2298 vel
1235 2270 1433 2313 reponere
1464 2269 1538 2312 pro
1566 2270 1615 2297 eo

130 2339 183 2369 20
217 2340 391 2370 marcas.

222 2409 331 2444 Arch.
360 2409 454 2443 civit.
481 2408 685 2450 cracoviae,
713 2410 801 2443 Acta
828 2408 1035 2450 consularia,
1068 2418 1285 2454 1412-1449,
1312 2420 1342 2453 p.
1373 2417 1452 2453 2¹3·

217 2529 287 2570 42.
324 2525 458 2570 Causa
490 2527 591 2568 inter
623 2525 826 2568 Albicium
857 2534 893 2568 et
923 2525 1175 2568 Leonardum
1209 2524 1379 2567 Italicos.

872 2619 1098 2672 Cracoviae,
1131 2633 1155 2674 7
1190 2618 1366 2675 Augusti
1401 2632 1527 2673 1424.

218 2701 502 2746 Albicium
548 2702 753 2755 Italicum,
785 2701 1113 2745 theloneatorem
1145 2701 1195 2745 de
1230 2701 1446 2753 Cracovia,
1481 2700 1620 2742 Leo-

131 2774 258 2818 nard
274 2790 334 2817 us
360 2774 525 2817 Italicus
551 2775 674 2816 etiam
698 2774 749 2817 de
772 2774 976 2817 Cracovia
1003 2774 1133 2816 evasit
1156 2773 1359 2830 corporali
1387 2773 1619 2815 iuramento

229 2887 238 2905 ¹
266 2880 450 2915 Secundum
478 2885 625 2914 nostrum
651 2880 876 2914 calendarium
906 2891 925 2923 5
953 2879 1109 2914 Ianuarii
1137 2889 1235 2922 1424.

228 2946 243 2965 ²
270 2939 346 2974 MS.
373 2939 474 2974 Dicta
500 2940 566 2974 die.
