2201 3554
784 340 833 343 -..
870 327 922 355 XV
959 340 1013 344 >—

246 429 356 470 1402
387 425 483 469 Iulii
508 441 551 482 31
579 426 737 470 Romae.
772 425 988 477 Arnoldus,
1014 426 1149 469 electus
1179 426 1411 478 Culmensis,
1435 429 1639 470 servitium

153 510 351 540 commune
370 505 442 554 per
467 512 607 539 manus
637 497 839 539 Laurentii
863 497 907 539 de
934 496 1107 540 Albertis
1132 497 1261 548 solvit,
1284 506 1322 554 ρ.
1346 512 1401 548 11,
1428 513 1490 540 nr.
1517 513 1578 553 14.

244 576 354 616 1402
383 572 563 617 Octobris
579 587 625 616 12
645 573 802 617 Romae.
823 573 1142 631 Archiepiscopus
1158 573 1394 628 Gnezncnsis
1407 583 1477 631 per
1496 591 1635 618 numus

152 644 310 688 Hilarii
333 644 378 686 de.
405 643 548 686 Bardis
574 645 774 687 servitium
800 644 929 695 solvit,
954 653 993 701 p.
1016 660 1070 695 11,
1101 661 1162 688 ur.
1190 659 1240 699 15.

244 722 354 763 1403
387 720 533 762 Martii
560 735 603 775 31
640 720 872 763 Cracoviae.
908 720 1126 774 Recognitio
1159 721 1326 763 Simonis
1358 721 1402 764 dc
1443 721 1636 773 Talentis,

152 792 360 835 monetarii
393 790 680 842 cracoviensis,
703 800 745 849 p.
773 805 834 842 12,
863 806 924 834 nr.
947 793 1008 834 16.

244 870 355 911 1406
390 867 623 911 Cracoviae.
649 867 835 910 Consules
861 867 1138 911 Cracovienses
1161 883 1185 910 a
1208 869 1320 911 Petro
1344 869 1570 912 Bicharano
1594 870 1638 913 de

154 945 194 987 V
191 946 321 988 enetiis
352 953 476 988 certas
503 946 760 1002 pecuniarum
793 960 965 988 summas
998 954 1190 997 mutuant,
1216 954 1255 1002 p.
1284 960 1341 998 12,
1369 962 1430 989 nr.
1456 962 1517 1002 17.

243 1023 355 1064 1406
386 1022 495 1064 Maii
515 1035 567 1077 24
592 1021 829 1064 Florentiae.
854 1021 1017 1065 Senatus
1035 1021 1287 1065 Florentinus
1309 1023 1533 1066 ll'ladislao
1557 1026 1638 1080 regi

150 1092 336 1136 Poloniae
364 1091 508 1135 leonem
529 1107 613 1135 cuni
638 1092 772 1135 leaena
796 1094 1022 1135 transmittit
1044 1108 1187 1136 necnon
1210 1093 1460 1136 Leonarduni
1484 1095 1640 1138 Burtoli

149 1163 196 1206 de
221 1162 424 1206 Florentia
455 1172 488 1206 et
520 1163 677 1206 Petrum
714 1181 736 1204 e(
755 1163 1043 1207 Bicchierarius
1062 1182 1080 1203 »
1115 1164 1159 1206 de
1196 1165 1234 1205 V
1233 1166 1362 1207 enctiis
1385 1167 1426 1208 in
1452 1162 1639 1208 Poloniae

145 1233 326 1292 partibus
358 1243 553 1277 morantes
585 1236 619 1277 ei
649 1234 904 1286 commendat,
928 1242 969 1292 p.
993 1250 1047 1290 13,
1071 1250 1132 1277 nr.
1161 1238 1223 1278 18.

242 1313 351 1354 1407
386 1311 556 1368 Augusti
570 1314 618 1354 18
640 1311 678 1352 V
678 1311 817 1354 iterbii.
846 1311 1059 1369 Gregorius
1076 1320 1143 1370 pp.
1165 1313 1251 1355 XII
1270 1313 1432 1368 Mazzeo
1456 1313 1499 1356 de
1521 1315 1638 1357 Lam-

150 1381 280 1433 bertis,
308 1381 500 1425 collectori
526 1383 565 1424 in
592 1396 707 1438 regno
735 1382 937 1435 Poloniae,
968 1383 1145 1435 mandat,
1176 1393 1366 1441 quatenus
1396 1384 1440 1427 de
1469 1393 1639 1442 proven-

149 1452 250 1496 tibus
267 1467 445 1495 camerae
462 1452 693 1510 apostolicae
713 1455 749 1496 in
761 1453 926 1496 Polonia
948 1453 1094 1498 Carolo
1113 1454 1158 1497 de
1171 1455 1430 1498 Branchaciis
1446 1455 1638 1514 Ἰ1001101.

149 1522 291 1575 solvat,
313 1531 356 1581 p.
380 1537 442 1579 95,
472 1539 533 1566 nr.
559 1527 627 1579 87.

244 1596 354 1637 1409
387 1594 573 1637 Ianuarii
605 1608 656 1649 29
695 1594 930 1638 Cracoviae.
966 1596 1099 1639 Petrus
1139 1597 1388 1640 Biclmranus
1429 1607 1460 1640 et
1493 1598 1638 1642 Iuntha

150 1671 265 1721 nepos
284 1679 375 1707 suus
397 1664 591 1708 redimunt
611 1665 753 1708 villam
772 1665 924 1720 Siersza
945 1681 969 1709 a
988 1667 1159 1710 Pascone
1181 1667 1225 1710 de
1244 1667 1460 1728 Dotz1s;)·ce
1486 1670 1639 1726 eiusque

150 1736 249 1778 socio
274 1735 345 1778 sub
371 1737 481 1778 certis
507 1735 801 1787 conditionibus,
827 1745 866 1794 p.
892 1752 953 1792 14,
980 1753 1039 1779 nr.
1064 1752 1127 1793 19.

245 1815 357 1855 1410
389 1811 483 1856 Iulii
509 1816 640 1856 12-28
677 1812 910 1857 Cracoviae.
943 1814 1078 1857 Causa
1103 1817 1200 1858 inter
1222 1817 1451 1872 magistrum
1477 1817 1638 1860 Monal-

151 1883 245 1926 dum
276 1883 322 1927 de
354 1884 463 1927 Luca
495 1893 529 1927 et
560 1883 746 1927 Iacobum
780 1884 824 1927 de
858 1885 1101 1938 Mediolano,
1134 1895 1173 1944 p.
1198 1902 1253 1943 1)·,
1283 1903 1343 1930 nr.
1368 1901 1436 1931 20.

242 1964 348 2004 1411
385 1962 556 2018 Augusti
575 1964 628 2004 28
655 1961 889 2005 Cracoviae.
924 1963 1060 2006 Petrus
1077 1964 1326 2007 Biclmranus
1343 1965 1638 2023 plenipotentem

153 2033 357 2084 constituit,
381 2040 423 2091 p.
448 2048 502 2088 15,
531 2048 592 2075 nr.
617 2047 676 2076 21.

246 2112 357 2153 1412
392 2110 537 2153 Martii
569 2124 613 2152 12
650 2109 882 2153 cracoviae.
919 2109 1095 2164 Quidam
1128 2112 1228 2154 cives
1261 2110 1537 2155 Cracovienses
1565 2121 1640 2170 pro

156 2179 322 2236 Georgia
353 2181 500 2224 Hutter
532 2182 645 2225 Petro
677 2182 903 2225 Bicharano
935 2181 1157 2234 fideiubent,
1186 2191 1228 2240 p.
1252 2186 1316 2235 16,
1345 2199 1405 2226 nr.
1429 2197 1496 2226 22.

247 2260 357 2300 1413
389 2258 542 2316 Aprilis
585 2276 610 2314 4
649 2258 894 2302 Zarnowiec.
928 2258 1174 2303 lVladislaus
1202 2274 1272 2302 rex
1292 2260 1491 2320 'Poloniae
1525 2261 1637 2304 Petro

153 2327 394 2382 Bicharano,
427 2331 627 2388 suppario,
662 2329 840 2383 mandat,
875 2339 1064 2388 quatenus
1096 2333 1301 2374 couventui
1326 2331 1638 2375 Carmelitarmn

157 2398 390 2443 Cracovien.
423 2413 476 2444 20
510 2415 666 2444 marcas
698 2402 905 2443 annuatim
936 2401 1126 2453 exsolvat,
1158 2410 1196 2459 p.
1221 2404 1284 2454 16,
1314 2419 1374 2444 nr.
1400 2416 1459 2459 23.

246 2479 357 2520 1413
389 2477 498 2520 Maii
520 2492 572 2533 15.
596 2477 742 2521 Solutio
766 2487 938 2521 armatae
956 2487 1026 2536 per
1048 2494 1189 2521 manus
1206 2479 1418 2523 Adonardi
1439 2479 1484 2522 de
1502 2480 1635 2532 Riciis,

150 2555 190 2604 p.
213 2549 360 2603 16-17,
388 2564 426 2591 n.
449 2562 516 2605 24.

246 2622 357 2663 1414
389 2620 537 2663 Martii
568 2635 630 2676 17.
658 2619 805 2663 Solutio
837 2634 1015 2664 camerae
1048 2636 1156 2665 1000
1183 2620 1277 2679 flor.
1306 2621 1349 2664 de
1377 2621 1543 2665 Polonia
1571 2630 1642 2679 per

153 2704 294 2732 manus
325 2698 584 2733 mercatorum
617 2689 951 2742 Florentinorum,
980 2698 1021 2748 p.
1051 2706 1113 2746 17,
1149 2706 1209 2734 nr.
1234 2705 1295 2747 25.

247 2763 358 2803 1414
389 2762 558 2818 Augusti
588 2764 650 2804 16.
677 2760 823 2804 solutio
846 2761 889 2804 de
911 2763 1084 2819 pecuniis
1105 2762 1344 2806 collectoriae
1366 2763 1551 2806 Poloniae
1571 2772 1641 2821 per

154 2851 294 2880 manus
316 2837 527 2881 Adonardi
551 2837 596 2880 de
629 2837 930 2895 Tornaquincis,
957 2846 998 2896 p.
1023 2853 1086 2894 17,
1109 2855 1170 2882 nr.
1194 2842 1259 2882 26.
1524 2838 1529 2842 ’

248 2910 359 2950 1414
391 2908 628 2951 Novembris
667 2923 687 2963 3
724 2907 990 2951 Constantiae.
1030 2909 1228 2962 Andreas,
1263 2912 1457 2969 episcopus
1489 2910 1637 2953 Posna-
